3234 4950
1413 323 1838 386 —20-
2580 328 2653 395 12

1433 722 1697 782 CAPUT
1746 723 1829 781 ΙΙ.

1358 871 1461 939 De
1508 872 1905 941 codicibus·

1302 1046 1854 1106 Recensionis
1904 1051 1955 1129 A

776 1183 1037 1259 optimus
1083 1182 1236 1241 liber
1282 1190 1374 1243 est

455 1287 553 1363 (F)
603 1289 790 1347 codex
835 1285 1278 1345 Laurentianus
1338 1285 1487 1362 plut.
1535 1287 1679 1346 LIX
1746 1288 1873 1346 cod.
1925 1286 2022 1357 17,
2086 1288 2274 1346 chart.
2336 1307 2441 1344 ms.
2492 1285 2554 1345 in
2601 1290 2659 1345 4.

605 1391 747 1449 min.
796 1411 841 1448 s.
887 1389 1021 1448 XV.
1128 1389 1249 1447 Sub
1300 1408 1358 1447 n.
1404 1389 1565 1447 XXI
1627 1389 1766 1448 inde
1829 1410 1864 1447 a
1908 1408 1966 1464 p.
2016 1390 2093 1448 70
2159 1394 2357 1449 exstat
2417 1383 2660 1463 Λεσβῶ-

602 1513 818 1561 νακτος
861 1487 997 1566 περὶ
1027 1485 1342 1566 σχημάτων
1372 1492 1476 1551 lib.
1568 1494 1663 1550 Ex
1693 1493 1809 1549 hoc
1840 1511 2132 1551 manuscr.
2169 1492 2455 1569 descripti
2489 1495 2658 1550 sunt:

418 1612 556 1691 (La)
812 1617 865 1671 1.
913 1611 1221 1670 Parisinus
1302 1617 1465 1671 2649
1527 1611 1665 1671 XV.
1733 1634 1777 1670 s.
1844 1611 2029 1670 chart.
2099 1612 2199 1690 qui
2268 1611 2551 1689 provenit
2629 1630 2661 1669 e

912 1715 1185 1773 biblioth.
1232 1714 1549 1773 cardinalis
1594 1713 1923 1789 Radulphi.
1972 1715 2146 1773 Lesb.
2185 1713 2404 1791 incipit
2447 1735 2505 1791 p.
2541 1714 2658 1771 207

916 1822 977 1876 et
1022 1816 1278 1894 scriptus
1326 1823 1418 1876 est
1461 1837 1644 1875 manu
1689 1816 1822 1875 Iani
1869 1816 2223 1876 Lascaridis.

467 1921 555 2000 (S)
814 1925 866 1976 2.
913 1919 1220 1979 Parisinus
1270 1925 1432 1977 2539
1487 1918 1690 1977 XVII.
1753 1940 1798 1977 s.
1867 1922 2053 1978 chart.
2117 1918 2664 1996 (Delamare-Reg.

917 2027 1101 2093 3501,
1141 2024 1221 2099 3).
1312 2023 1485 2082 Lesb.
1532 2020 1752 2096 incipit
1797 2043 1851 2098 p.
1901 2023 2000 2081 97.
2090 2023 2287 2080 Index
2328 2021 2471 2081 libri
2516 2021 2667 2079 haec

916 2125 1214 2186 continet:
1262 2126 1466 2185 Codex
1498 2145 1709 2202 papyr.
1740 2144 1951 2184 recens
1999 2145 2030 2183 e
2076 2132 2280 2184 vetere
2325 2124 2524 2203 aliquo
2572 2142 2664 2180 co-

913 2228 1046 2288 dice
1078 2248 1253 2286 manu
1287 2228 1560 2287 Salmasii
1594 2232 1663 2287 ut
1693 2228 1932 2287 videtur
1966 2227 2319 2303 descriptus,
2367 2247 2483 2305 quo
2528 2245 2661 2285 con-

914 2331 1219 2390 tinentur:

1232 2430 1299 2490 1⁰
1351 2433 1597 2494 Arriani
1643 2432 1879 2495 tactica.

1225 2537 1297 2595 2⁰
1350 2537 1670 2597 Lesbonax
1715 2538 1789 2596 de
1833 2536 2061 2611 figuris.

915 2639 1142 2698 Indicis
1205 2645 1506 2699 auctorem
1571 2660 1799 2699 errasse
1862 2638 2174 2699 contendit
2232 2639 2307 2697 H.
2371 2632 2668 2712 Lebegue,

917 2743 1020 2822 qui
1064 2762 1261 2821 neque
1296 2743 1537 2802 Arriani
1585 2762 1782 2822 neque
1833 2742 2217 2801 Lesbonactis
2263 2745 2497 2799 textum
2544 2740 2667 2797 Sal-

916 2845 1102 2906 masio
1150 2846 1374 2919 deberi,
1437 2846 1541 2905 sed
1583 2846 1875 2904 lectiones
1922 2844 2309 2905 correctiores
2367 2846 2439 2903 ab
2488 2863 2556 2902 eo
2603 2842 2668 2900 in

922 2947 1184 3023 margine
1231 2949 1563 3025 adscriptas
1610 2968 1737 3008 esse
1784 2948 2110 3007 confirmat.

463 3070 560 3147 (P)
781 3067 980 3126 Etiam
1028 3068 1244 3128 tertius
1289 3069 1597 3129 Parisinus
1658 3069 1810 3127 1270
1869 3087 1900 3125 e
1946 3067 2298 3128 Florentino
2359 3066 2668 3129 derivatus

611 3170 854 3231 videtur
899 3191 1044 3241 esse,
1091 3180 1288 3231 tamen
1334 3173 1448 3231 hoc
1493 3191 1608 3230 non
1660 3191 1768 3247 pro
1805 3176 1969 3230 certo
2015 3191 2214 3230 assero
2261 3175 2324 3231 et
2369 3192 2502 3230 eum
2547 3172 2669 3230 for-

611 3279 771 3332 tasse
818 3273 1213 3333 Laurentiani
1259 3276 1504 3333 fratrem
1551 3294 1682 3334 esse
1729 3274 2172 3348 agnoscendum
2206 3274 2480 3334 concedo.
2552 3271 2667 3335 Qui

613 3377 741 3436 cod.
792 3377 926 3435 XV.
975 3396 1019 3433 s.
1068 3377 1258 3435 chart.
1319 3377 1492 3437 venit
1548 3398 1581 3437 e
1637 3376 1919 3436 biblioth.
1981 3376 2297 3436 cardinalis
2345 3374 2666 3453 Radulphi.

785 3494 1058 3555 Parisino
1103 3496 1263 3553 1270
1311 3516 1453 3555 usus
1499 3501 1589 3555 est
1640 3498 1853 3555 Petrus
1896 3496 2231 3568 Rezander,
2276 3495 2380 3575 qui
2427 3496 2670 3572 scripsit

391 3599 558 3676 (Vat)
614 3601 739 3659 cod.
787 3598 1142 3657 Vaticanum
1204 3597 1478 3657 biblioth.
1547 3599 1761 3672 Regin.
1821 3621 1882 3658 n.
1937 3604 2047 3658 131
2119 3597 2506 3657 Lesbonactis
2563 3599 2669 3657 lib.

612 3701 653 3761 f.
721 3701 1015 3759 37-39v-
1064 3700 1493 3759 continentem.
1605 3699 1874 3759 Scribam
1937 3701 2091 3759 enim
2159 3701 2422 3775 produnt
2489 3704 2670 3759 notae

611 3806 655 3864 f.
706 3804 897 3864 137V·:
956 3799 1134 3871 τέλος.
1205 3803 1393 3862 Paris.
1462 3808 1560 3860 28.
1624 3803 1903 3862 Decemb.
1974 3803 2113 3880 styl.
2177 3822 2318 3862 nov.
2387 3807 2548 3861 1650
2611 3811 2671 3861 et

611 3909 654 3967 f.
704 3909 868 3965 3672
914 3905 1154 3982 (ultima
1193 3904 1389 3984 pag.):
1428 3903 1604 3974 τέλος.
1642 3906 1829 3966 Paris.
1872 3912 1963 3964 13.
1998 3906 2372 3965 Faba-651
2411 3905 2671 3965 absolvit

615 4012 828 4069 Petrus
873 4009 1205 4070 Rezander.
