3234 4950
1513 335 1941 403 —94—
2694 335 2748 398 V

851 504 1218 571 Ἰωνικόν
1260 512 1376 572 XI.
1465 511 1858 573 Accusativus
1915 531 2025 588 pro
2071 511 2351 587 genetivo
2397 538 2482 562 ==
2524 511 2748 571 Atisim

692 616 791 675 Fr.
822 638 878 694 p.
915 621 1013 674 20.
1105 616 1289 678 schol.
1329 614 1392 671 Ω,
1427 619 1547 674 581·
1573 607 1834 692 γυναῖκά
1871 632 1931 671 τε
1964 607 2198 690 θήσατο
2234 607 2417 689 μαζόν
2446 643 2532 665 =
2561 616 2748 674 Arist.

690 718 765 778 of.
830 718 988 777 infra
1047 739 1108 797 p.
1152 724 1248 778 99.
1343 719 1400 775 Ε
1460 721 1619 777 461:
1695 718 1904 795 Τρῶας
1955 712 2030 775 ,δὲ
2089 716 2288 793 στίχας
2335 703 2514 787 οὖλος
2559 710 2748 795 ’Ἁρης

693 813 919 899 ὤτρυνε
949 814 1271 896 μετελθών.
1339 813 1549 903 Τρῳάς
1580 820 1873 880 editiones
1903 826 2042 881 ante
2074 821 2502 895 Aris‘tarchum‚
2545 822 2749 899 Τρῶας

689 924 932 1000 vulgata
993 930 1053 984 et
1110 925 1485 984 Ptolemaeus
1547 924 1858 997 Asoalon.‚
1924 931 2058 983 utra
2115 924 2294 984 lectio
2358 922 2750 1000 praeferenda

692 1027 803 1101 sit,
863 1027 926 1084 in
986 1028 1166 1087 dubio
1210 1028 1499 1108 relinquit
1543 1027 1831 1086 Nicanor:
1899 1023 1954 1084 εἰ
1995 1022 2059 1085 δὲ
2103 1019 2393 1105 γράφεται
2439 1080 2468 1107 ‘⁶
2494 1024 2746 1104 Τρῶας”

692 1123 846 1211 (οὐχ)
897 1121 1305 1202 ύποστικτέον,
1349 1120 1440 1187 ’ἵν’
1488 1116 1525 1211 ᾖ
1570 1128 1876 1209 “Tpake'’
1924 1123 2055 1187 ἀντὶ
2102 1131 2207 1188 τοῦ
2264 1121 2503 1207 Τρώων.
2593 1130 2657 1187 Τ.

853 1226 1212 1292 Ἀττικόν
1256 1233 1402 1293 XII.
1492 1233 1913 1293 Nominativus
1957 1253 2065 1310 pro
2110 1233 2388 1309 genetivo
2414 1260 2499 1282 =
2533 1233 2746 1292 Arist.:

690 1336 789 1396 Fr.
835 1355 893 1411 p.
947 1338 1043 1395 19.
1088 1335 1270 1396 schol.
1320 1356 1361 1410 μ
1410 1336 1520 1395 73:
1566 1332 1630 1394 οί
1671 1330 1736 1394 δὲ
1781 1329 1890 1395 δύο
1938 1330 2233 1409 σκόπελοι,
2281 1329 2315 1394 ὃ
2363 1330 2469 1410 μὲν
2501 1380 2513 1394 .
2551 1382 2564 1395 .
2607 1379 2620 1394 .
2661 1370 2745 1379 —

862 1440 936 1498 ad
988 1439 1056 1495 H
1096 1441 1255 1498 317:
1303 1436 1681 1517 Νεστορίδαι,
1728 1432 1763 1497 ὃ
1807 1433 1914 1515 μὲν
1959 1431 2171 1499 οὕτως’
2214 1432 2530 1515 Ἀτύμνιον
2747 1457 2749 1459 ’

863 1543 1046 1603 schol.
1094 1544 1182 1601 A:
1243 1534 1394 1620 πρός
1456 1535 1520 1600 τό
1568 1543 1783 1618 σχῆμα,
1846 1536 1934 1601 ὅτι
1998 1533 2129 1601 ἀντὶ
2178 1543 2284 1600 τοῦ
2328 1538 2745 1622 ιΝεστοριδῶυ

692 1635 727 1704 ὅ
760 1639 864 1720 μὲν
893 1638 1219 1721 Ἀντίλοχος
1251 1637 1498 1703 οὔτασεν
1526 1637 1862 1720 Ἀτύμνιον,
1896 1636 1932 1704 ὅ
1963 1641 2025 1704 δὲ
2060 1638 2462 1722 Θρασυμήδης
2488 1637 2743 1721 Μάριν’.

864 1750 937 1807 ad
986 1749 1042 1804 Γ
1077 1753 1240 1808 211:
1289 1740 1472 1823 ἄμφω
1519 1739 1584 1804 δ’
1630 1743 1899 1825 ἑζομένω,
1946 1742 2346 1826 γεραρώτερος
2394 1734 2744 1823 ἦενὈδυσ-

692 1843 829 1920 σεύς
867 1851 1159 1910 schol.A:
1205 1844 1294 1910 ὅτι
1350 1845 1691 1925 Ζηνόδοτος
1736 1843 1845 1910 σύν
1878 1852 1959 1932 τῷ
2005 1872 2037 1909 ν
2083 1845 2300 1930 γράφει
2345 1846 2742 1931 (ιὲζομένωνἸ

689 1948 755 2011 τὸ
817 1949 881 2011 δὲ
944 1945 1128 2029 ἄμφω
1183 1948 1294 2013 δύο
1341 1948 1591 2024 πτώσεις
1637 1951 1779 2031 ἔχει·
1849 1947 2185 2033 ἀμφότεροι
2250 1948 2286 2030 ἢ
2348 1946 2742 2031 ἀμφοτέρους.

692 2053 793 2114 καὶ
858 2057 967 2114 νῦν
1027 2052 1178 2135 λέγει
1241 2050 1608 2136 ιἀμφότεροι
1671 2053 1735 2116 δὲ
1795 2050 2164 2133 καθήμενοι’
2226 2051 2366 2115 κατ’
2431 2049 2746 2135 ἐναλλαγὴν

696 2152 977 2229 πτώσεως
1021 2151 1155 2217 ἀντὶ
1199 2161 1306 2219 τοῦ
1351 2157 1717 2236 καθημένων
1764 2155 1826 2219 δὲ
1872 2154 2247 2239 ἀμφοτέρων.
2295 2156 2397 2218 καὶ
2444 2156 2561 2218 ἔστι
2609 2154 2744 2216 σύν-

690 2267 874 2337 ηθες,
923 2253 1004 2332 ώς
1036 2254 1137 2322 ἔπ’
1173 2260 1399 2323 ἐκείνου
1432 2256 1594 2343 “miv
1641 2258 1704 2321 δὲ
1751 2256 1850 2321 δύ’
1905 2259 2200 2342 ἐρχομένω
2220 2261 2247 2283 ”
2294 2262 2382 2340 (Κ
2425 2262 2596 2341 224),
2644 2259 2751 2343 “oi

692 2361 756 2424 δὲ
800 2358 912 2424 δύο
944 2357 1241 2438 σκόπελοι,
1290 2358 1325 2424 ὃ
1355 2360 1506 2442 μὲν”
1536 2367 1604 2442 (μ
1639 2367 1746 2444 73)
1792 2359 1924 2424 ἀντὶ
1968 2368 2075 2426 τοῦ
2119 2368 2239 2425 τῶν
2284 2364 2394 2425 δύο
2422 2363 2742 2425 σκοπέλων.

692 2468 876 2529 schol.
924 2491 943 2527 ι
991 2472 1114 2528 462
1163 2503 1244 2512 -

859 2563 965 2630 Ἰώ
986 2594 1017 2629 ν
1037 2595 1131 2631 ων
1161 2573 1344 2636 XIII.
1406 2575 1731 2635 Genetivus
1761 2595 1869 2650 pro
1902 2574 2268 2634 nominativo
2300 2573 2631 2651 participii:
2661 2607 2745 2616 —-

868 2674 1296 2745 Χαλκιδεῖς
1341 2677 1510 2738 XIV.
1601 2677 1994 2738 Accusativus
2039 2698 2148 2754 pro
2193 2677 2561 2736 nominativo
2608 2680 2742 2736 sub-

690 2779 932 2839 stantivi
979 2799 1109 2838 oum
1157 2779 1470 2855 participio
1517 2781 1851 2840 coniuncti:
1902 2815 1980 2824 —

854 2875 1220 2939 Ἀσιανόν
1276 2881 1486 2942 ΧΧΧ.
1578 2883 1966 2943 Accusativus
2027 2884 2326 2961 participii
2386 2904 2493 2961 pro
2555 2883 2745 2942 nomi·

691 2984 926 3046 nativo:
972 3019 1054 3028 ——-

854 3081 1315 3167 Ἀργολικόν
1357 3089 1600 3148 XXXI.
1689 3090 2107 3151 Nominativus
2153 3090 2453 3168 participii
2497 3111 2604 3167 pro
2651 3110 2741 3149 ao-

691 3191 958 3250 cusativo
1001 3215 1088 3240 ==
1131 3192 1349 3251 Arist.:
1398 3193 1497 3251 Fr.
1544 3212 1600 3268 p.
1656 3197 1748 3253 19.

867 3293 916 3348 B
936 3298 1087 3352 350:
1122 3291 1279 3369 φημὶ
1310 3286 1422 3373 γάρ
1454 3281 1569 3353 οὖν
1599 3297 1951 3354 κατανεῦσαι
1980 3288 2310 3373 ύπερμενέα
2329 3294 2744 3372 Κρονίωνα-

1118 3388 1476 3473 ἀστράπτων
1523 3394 1802 3469 ἐπιδέξια.

864 3499 1047 3558 schol.
1095 3500 1148 3556 A
1195 3519 1251 3558 v.
1302 3504 1459 3559 353:
1530 3492 1622 3559 ὅτι
1685 3494 2096 3577 ἀκαταλλήλως
2158 3499 2380 3582 εἴρηται
2442 3499 2588 3580 (ἔδει
2629 3496 2742 3581 γάρ

691 3602 1077 3682 ικατανεῦσαι
1122 3595 1602 3678 ἀστράπτοντα’).
1652 3638 1735 3648 -
1781 3602 2158 3664 διασταλτέον
2201 3600 2264 3664 δὲ
2308 3600 2499 3684 βραχύ
2547 3602 2631 3675 εἰς
2674 3598 2739 3663 τό

690 3696 1053 3784 ιιέπιδὲξιω.
1136 3696 1453 3775 ἀσύνδετος
1498 3699 1608 3784 γάρ
1657 3698 1693 3766 ὅ
1735 3701 1910 3786 λόγος
1952 3707 2258 3779 λείποντος
2302 3710 2409 3767 τοῦ
2458 3707 2591 3768 καί·
2643 3705 2742 3768 καὶ
2849 3774 2857 3780 ,

692 3798 1048 3882 ἀστράπτων
1093 3804 1191 3866 καὶ
1239 3807 1490 3881 φαίνων.
1524 3838 1610 3860 =
1640 3810 1704 3869 Τ.
1773 3812 1919 3871 Post
1973 3810 2263 3885 φαίνοντα
2312 3813 2475 3873 addit
2518 3814 2599 3872 B:
2663 3804 2745 3881 ώς

689 3906 788 3967 καὶ
838 3903 1178 3988 Εὐριπίδης
1224 3908 1289 3969 ἐν
1326 3906 1675 3988 Παλαμήδει
1720 3908 1961 3995 ιιΛάιε,
2007 3907 2189 3972 πάλαι
2236 3908 2314 3991 δή
2356 3909 2420 3972 6'
2466 3912 2744 3993 ἕξερωτῆ-

694 4028 793 4072 σαι
838 4009 1037 4076 θέλων
1084 4009 1255 4091 σχολή
1302 4006 1372 4090 μ’
1418 4010 1704 4096 ἀπεῖργε”
1756 4020 1849 4092 (fr.
1902 4017 2020 4077 579
2068 4017 2185 4097 Ν).
