3234 4950
1439 1357 1758 1426 VITA.

749 1655 940 1713 Natus
986 1674 1113 1711 sum
1161 1654 1270 1711 Ru
1292 1653 1457 1712 dolf
1497 1635 1768 1714 Walther
1815 1655 2117 1714 Hermann
2163 1652 2413 1711 Mueller
2458 1651 2633 1710 nonis

579 1757 1006 1816 Decembribus
1051 1756 1190 1814 anni
1238 1757 1591 1832 sexagesimi
1627 1757 1820 1836 quinti
1860 1758 1917 1818 h.
1952 1777 1995 1815 s.
2027 1755 2090 1813 in
2122 1755 2256 1814 vico
2290 1755 2382 1814 cui
2416 1774 2631 1813 nomen
2742 1754 2749 1761 '

577 1866 669 1918 est
726 1860 1079 1932 Ebersdorf,
1140 1860 1475 1933 RutheneO,
1538 1864 1707 1936 patre
1767 1860 2114 1918 Hermanno
2174 1843 2361 1916 matre
2422 1856 2635 1916 Minna

582 1981 614 2019 e
675 1967 852 2036 gente
914 1962 1122 2034 Graef,
1182 1982 1432 2041 quorum
1495 1964 1685 2021 adhuc
1747 1963 2129 2039 superstitum
2192 1961 2359 2019 fruor
2415 1979 2631 2019 amore.

577 2064 784 2123 Fidem
862 2065 1144 2141 profiteor
1204 2065 1625 2140 evangelicam.
1731 2065 2092 2124 Litterarum
2156 2063 2464 2122 elementis
2524 2061 2634 2120 im-

576 2169 754 2226 butus
796 2185 938 2225 vere
985 2167 1123 2224 anni
1171 2167 1589 2243 septuagesimi
1639 2167 1874 2243 septimi
1908 2166 2190 2226 Slevitiae
2231 2165 2434 2242 oppidi
2466 2186 2632 2242 gym-

577 2269 802 2329 nasium
843 2269 980 2338 adii,
1047 2272 1201 2347 quod
1250 2270 1327 2328 H.
1377 2271 1604 2343 Meieri,
1668 2269 2071 2346 praeceptoris
2126 2269 2271 2327 mihi
2318 2269 2379 2327 in
2427 2269 2654 2345 primis*

575 2372 916 2459 venerandi,
978 2372 1185 2431 floruit
1241 2373 1536 2453 floretque
1595 2374 1766 2433 laetis
1828 2371 2124 2448 auspiciis.
2216 2372 2452 2447 Septem
2498 2376 2637 2446 post

577 2496 767 2535 annos
856 2476 1214 2536 maturitatis
1302 2478 1706 2537 testimonium
1797 2479 2042 2554 adeptus
2129 2476 2193 2533 in
2277 2474 2635 2534 academiam

578 2580 951 2656 Lipsiensem
997 2599 1090 2637 me
1135 2581 1378 2654 contuli,
1426 2586 1492 2640 ut
1527 2581 1865 2656 theologiae
1913 2585 1973 2639 et
2002 2577 2363 2656 philologiae
2398 2596 2635 2653 operam

577 2683 792 2741 darem.
884 2683 996 2740 Sed
1050 2702 1208 2741 anno
1274 2690 1512 2759 peracto
1576 2690 1768 2744 totum
1828 2682 2189 2759 philologiae
2249 2699 2341 2739 me
2388 2679 2518 2739 dedi
2578 2685 2638 2738 et

576 2784 755 2841 huius
801 2784 1149 2859 disciplinae
1195 2787 1456 2845 studium
1500 2788 1704 2845 eadem
1751 2788 1814 2844 in
1860 2788 2008 2845 urbe
2035 2805 2143 2863 per
2172 2782 2290 2843 tria
2320 2783 2638 2861 sequentia

580 2886 887 2944 semestria
930 2886 1101 2944 colui.
1169 2887 1413 2945 Scholas
1458 2887 1836 2967 frequentavi
1871 2887 2135 2947 virorum
2169 2886 2280 2958 dd„
2328 2885 2429 2964 qui
2463 2889 2637 2943 erant

581 2987 804 3046 ordinis
848 2988 1287 3063 theologorum:
1352 2990 1673 3063 Delitzsch,
1735 2990 1970 3062 Fricke,
2017 2989 2340 3058 Hofmann‚
2387 2987 2637 3059 Kahnis,

580 3090 906 3163 Luthardt3
980 3090 1501 3167 philosophorum:
1567 3093 1796 3163 Arndt,
1865 3090 1931 3153 G.
1978 3088 2246 3162 Curtius,
2320 3088 2636 3161 Drobisch,

581 3192 832 3264 Heinze,
895 3192 1148 3268 Lipsius,
1213 3194 1543 3267 Overbeck,
1606 3195 1922 3266 Pueckert,
1983 3192 2274 3250 Ribbeck.
2323 3191 2389 3251 G.
2439 3191 2638 3266 Voigt,

584 3295 830 3368 Wenck,
876 3296 1158 3368 Zarncke,
1208 3296 1634 3372 proseminario
1688 3294 2049 3373 philologico
2099 3294 2165 3351 O.
2213 3293 2404 3352 Crusii
2453 3293 2636 3352 inter-

580 3397 700 3467 fui;
757 3398 1072 3457 Pueckerti
1135 3404 1196 3457 et
1240 3400 1321 3457 M.
1371 3399 1597 3473 Voigtii
1645 3397 2071 3458 consuetudine
2116 3397 2436 3455 domestica
2481 3397 2638 3474 quod

578 3498 669 3557 uti
714 3498 858 3557 mihi
907 3499 1077 3559 licuit
1122 3502 1306 3559 debeo
1351 3502 1562 3560 horum
1593 3501 1855 3561 virorum
1902 3499 2124 3574 insigni
2157 3517 2297 3574 erga
2327 3517 2420 3557 me
2450 3500 2635 3558 bene-

581 3601 900 3661 volentiae.
964 3604 1269 3662 Autumno
1316 3603 1459 3662 anni
1507 3602 1850 3678 octogesimi
1898 3600 2055 3660 sexti
2103 3599 2640 3678 Gryphiswaldiam

582 3702 1004 3778 transmigravi
1068 3711 1128 3764 et
1189 3726 1296 3782 per
1355 3725 1461 3764 sex
1507 3705 1814 3764 semestria
1860 3704 2054 3763 studia
2100 3702 2458 3780 philologica
2501 3722 2640 3762 con-

581 3806 831 3866 tinuavi.
903 3806 1251 3866 Docuerunt
1294 3827 1388 3865 me
1433 3808 1547 3868 viri
1581 3808 1675 3867 dd.
1709 3807 2045 3880 Bernheim,
2077 3806 2396 3880 Kiessling‚
2429 3805 2637 3878 Maass,

584 3910 865 3982 Preuner,
925 3910 1215 3982 Rehmke,
1277 3910 1573 3985 Schuppe,
1618 3910 1824 3982 Seeck,
1872 3909 2185 3982 Susemihl,
2233 3909 2305 3965 ad
2351 3906 2641 3967 exercita-

581 4006 777 4072 tiones
807 4012 1176 4075 admiserunt
1205 4011 1502 4076 Susemihl
1524 4012 1951 4090 Aristotelicas,
1983 4012 2253 4076 Rehmke
2286 4014 2346 4070 et
2367 4011 2643 4096 Schuppe
