3234 4950
494 328 737 437 111'
1312 374 1739 442 -57-

584 550 643 625 1)
689 551 760 608 ad
809 550 868 605 Σ
910 556 1068 610 2223
1114 549 1174 608 οἳ
1218 541 1278 607 δ’
1326 540 1407 619 ὦς
1451 536 1558 607 οὖν
1601 543 1734 609 ὁὶιον
1782 543 1901 609 ὅπα
1946 542 2189 627 χάλκεον
2224 548 2544 625 Αἰακίδαο,

1119 653 1296 710 πᾶσιν
1343 645 1564 730 ὀρίνθη
1609 645 1829 727 θυμός.

494 755 676 815 801101.
709 759 798 814 A:
846 748 984 838 (ὅτι)
1017 748 1284 831 ἀμέτρως
1313 749 1653 831 Ζηνόδοτος
1690 747 1861 836 ιιὸπα
1892 752 2139 831 χαλκέην
2157 753 2207 830 ”,
2242 749 2315 815 οὗ
2346 754 2544 826 συνεὶς

843 851 935 917 ὅτι
979 852 1398 935 παραπλήσιόν
1445 856 1563 917 ἐστι
1609 851 1675 917 τὸ
1709 860 1899 934 σχῆμα
1929 858 2010 938 τῷ
2042 852 2304 940 (ικλυτδς
2329 851 2545 918 Ἵππο-

843 955 1104 1035 δάμεια”
1153 962 1230 1040 (Β
1278 962 1424 1039 742)
1470 958 1571 1019 καὶ
1617 956 1893 1043 ι(θερμός
1939 955 2189 1037 ἆυτμή”.

580 1063 643 1141 2)
688 1065 761 1121 ad
806 1062 839 1120 δ
888 1069 1047 1122 442:
2004 1068 2153 1142 τεῖρε
2199 1059 2315 1143 γάρ’
2357 1063 2542 1134 αἰνῶς

1234 1160 1500 1239 φωκάων
1547 1159 1943 1245 ἁλιοτρεφέων
1987 1160 2318 1236 ὀλοώτατος
2363 1159 2540 1243 ὀδμή.

493 1269 673 1327 801101.
723 1269 797 1327 P:
844 1261 1172 1338 ὀλοώτατος
1217 1262 1399 1351 ὀδμή]
1463 1264 1674 1344 ὅμοιον
1720 1271 1800 1348 τῷ
1848 1264 2109 1352 ακλυτδς
2148 1262 2494 1348 Ἀμφιτρίτη
2511 1269 2544 1300 ”

840 1372 892 1448 (ε
939 1371 1085 1447 422)
1130 1369 1229 1430 καὶ
1276 1365 1556 1450 ιιθερμδς
1601 1367 1800 1448 ἀυτμή
1816 1370 1848 1395 ”
1896 1371 1995 1431 καὶ
2042 1366 2305 1456 ιικλυτὸς
2343 1364 2544 1432 Ἱππο-

845 1468 1059 1549 δάμεια
1103 1475 1181 1554 (Β
1229 1475 1394 1553 742).

579 1578 643 1654 3)
686 1580 757 1636 ad
806 1576 841 1635 δ
888 1578 1045 1638 7092
1089 1579 1250 1653 νηῶν
1310 1623 1883 1640 ..........
1947 1577 2015 1636 αἴ
2052 1573 2124 1636 θ’
2178 1570 2319 1648 ἆλὸς
2363 1577 2543 1638 ἵπποι

1091 1672 1338 1759 ἀνδράσι
1388 1683 1669 1759 γίνονται,
1721 1678 1978 1757 περόωσι
2039 1677 2103 1739 δὲ
2151 1675 2380 1740 πουλύν
2433 1677 2535 1753 ἐφ’

2246 1775 2453 1864 ²5wiv-

492 1887 672 1947 schol.
721 1888 796 1946 P:
844 1884 906 1945 ἐν
949 1880 1196 1962 σχήματι
1243 1885 1485 1965 εἴρηται,
1535 1879 1616 1956 οἷς
1662 1881 1933 1967 ιιθερμός
1978 1881 2176 1961 ἀυτμή
2193 1887 2262 1943 ”.

663 1988 892 2052 Quibus
955 1990 1100 2048 locis
1160 1990 1207 2048 si
1258 1991 1635 2049 Aristarchus
1680 1991 1925 2048 Homeri
1974 1991 2202 2048 dicendi
2249 1991 2541 2049 rationem

491 2095 873 2167 comprobare
904 2092 1158 2164 volebat,
1190 2093 1293 2150 illa
1321 2094 1505 2152 verba
1536 2111 1727 2172 neque
1762 2113 1837 2151 ex
1867 2094 2065 2169 hymn.
2103 2094 2279 2151 Mero.
2312 2115 2369 2152 v.
2402 2097 2540 2164 110,

493 2213 663 2272 quem
710 2196 782 2252 ab
828 2195 1089 2254 Homero
1136 2195 1523 2271 compositum
1573 2215 1700 2254 esse
1746 2198 2016 2269 negabat,
2066 2214 2259 2275 neque
2305 2215 2382 2253 ex
2419 2196 2541 2254 He·

494 2299 637 2355 siod.
702 2297 922 2371 Theog.
976 2303 1108 2356 -696
1170 2297 1381 2355 afferre
1445 2303 1696 2372 poterat.
1812 2299 1924 2356 Sed
1990 2300 2034 2356 si
2101 2298 2250 2356 alios
2311 2307 2545 2374 praeter

495 2400 817 2458 Homerum
864 2408 1071 2476 poetas
1113 2402 1228 2459 hoc
1271 2421 1432 2459 more
1479 2401 1757 2480 loquendi
1816 2421 1953 2459 usos
1997 2422 2124 2461 esse
2180 2402 2542 2460 demonstra-

498 2511 665 2562 turus
711 2510 853 2574 erat,
901 2524 1116 2562 nomen
1163 2504 1468 2581 scriptoris
1501 2506 1604 2563 vix
1649 2514 1742 2563 ter
1773 2505 2082 2563 omisisset.
2141 2505 2319 2563 Velut
2360 2523 2542 2580 appo·

496 2606 613 2664 suit
663 2604 714 2662 Θ
761 2612 900 2665 455.
990 2607 1201 2685 Neque
1247 2626 1459 2665 nomen
1508 2608 1799 2666 excidisse
1845 2615 2053 2683 putare
2099 2607 2255 2680 licet,
2302 2627 2431 2665 cum
2476 2608 2539 2665 in

493 2709 676 2767 altero
723 2710 904 2768 schol.
970 2701 1242 2790 “fleouds'
1287 2703 1527 2783 ἆυτμή”
1587 2712 1745 2769 inter
1791 2711 1948 2769 locos
2009 2730 2085 2768 ex
2131 2709 2393 2768 Homero
2440 2730 2540 2786 pe-

491 2812 632 2870 titos
677 2812 871 2888 posita
916 2813 1053 2871 sint.
1142 2809 1311 2870 Unde
1358 2815 1626 2891 sequitur
1669 2815 1814 2872 haec
1850 2813 2249 2871 Aristarchum
2297 2833 2375 2871 ex
2415 2814 2539 2871 Ho-

492 2934 652 2972 mero
720 2915 1185 2992 deprompsisse:
1266 2917 1557 2994 quadrant
1613 2926 1807 2975 autem
1894 2917 2081 2974 solum
2157 2916 2218 2972 in
2289 2938 2329 2988 μ
2398 2919 2541 2973 369.

495 3018 819 3093 Kayserum
867 3037 1038 3076 nemo
1084 3019 1343 3076 virorum
1390 3021 1695 3078 doctorum
1742 3026 1977 3077 secutus
2023 3025 2128 3088 est,
2174 3019 2540 3092 argumentis

493 3120 752 3178 refutare
813 3120 971 3178 solus
1038 3121 1264 3179 studuit
1326 3123 1411 3178 La
1456 3123 1693 3194 Roche,
1769 3124 1925 3179 hom.
1988 3121 2227 3181 Textkr.
2290 3141 2346 3196 p.
2397 3125 2536 3193 386,

492 3241 620 3279 cum
670 3222 891 3281 diceret
933 3223 1336 3282 Aristonicum
1384 3225 1630 3282 Homeri
1675 3227 1859 3283 verba
1922 3225 2156 3298 saepius
2208 3224 2293 3281 ita
2336 3230 2540 3299 protu-

491 3325 647 3397 lisse,
692 3334 758 3383 ut
802 3343 836 3381 a
880 3332 1080 3384 textus
1110 3327 1470 3398 recensione,
1518 3346 1691 3406 quam
1730 3326 2101 3385 Aristarchus
2133 3326 2537 3398 constituerat,

491 3429 894 3503 discreparent
924 3427 1024 3506 (cf.
1056 3429 1141 3486 La
1171 3431 1381 3489 Rochii
1415 3429 1688 3505 exempla
1718 3429 1757 3488 l.
1787 3429 1823 3487 l.
1857 3450 1911 3505 p.
1935 3434 2056 3486 428
2092 3430 2299 3487 hausta
2329 3448 2361 3487 e
2380 3428 2538 3486 Lud-

490 3530 686 3589 wichii
719 3531 960 3607 Didymi
1006 3528 1140 3608 περὶ
1178 3534 1280 3605 τῆς
1304 3526 1749 3607 Ἀρισταρχείου
1787 3525 2173 3607 διορθώσεως
2206 3533 2319 3606 frg.
2358 3531 2538 3606 Regi-

489 3634 675 3691 monti
705 3637 886 3707 1864,
913 3653 1064 3711 quae
1085 3633 1183 3692 hic
1205 3635 1489 3710 repetivit
1510 3637 1850 3694 Aristarchs
1873 3636 2029 3693 hom.
2052 3635 2300 3694 Textkr.
2333 3655 2391 3710 p.
2412 3634 2536 3712 66).

491 3734 660 3798 Quod
707 3744 1115 3810 argumentum
1164 3736 1451 3808 diluetur,
1499 3738 1546 3794 si
1595 3738 1755 3797 locos
1801 3739 1933 3797 illos
1978 3738 2432 3812 perlustraveris
2457 3736 2535 3815 1).

633 3903 680 3968 1)
717 3904 905 3963 Quibus
940 3906 1179 3952 Ludwich
1218 3912 1265 3951 et
1301 3907 1374 3952 La
1398 3908 1564 3954 Roche
1599 3922 1831 3966 perverse
1866 3908 2317 3955 adnumeraverunt
2343 3903 2395 3955 Φ
2424 3908 2537 3966 126,

488 4005 634 4050 quem
670 4005 867 4038 versum
901 3993 1221 4040 Aristarchus
1256 3993 1328 4039 ita
1362 3993 1657 4053 scripserat:

693 4071 942 4138 θρώσκων
976 4092 1052 4134 τις
1086 4073 1215 4129 κατὰ
1252 4076 1393 4142 κῦμα
1430 4076 1664 4141 μέλαιναν
1699 4072 1853 4144 φρῖχ’
1892 4072 2091 4138 ὑπαΐξει

694 4157 857 4227 ἰχθύς.
2286 4164 2465 4232 (verte)
