3234 4950
1416 302 1835 370 —88-
2560 307 2649 369 IV

596 468 729 536 οἷντὶ
788 478 896 537 τοῦ
959 473 1024 536 ἐκ
1086 473 1347 552 πολέμου
1408 470 1696 547 ἀνιόντος.
1788 476 1966 538 schol.
2006 478 2053 534 T
2078 500 2135 539 v.
2170 482 2329 538 480:
2376 469 2645 557 ἀνιόντα]

597 573 903 651 ἀνιόντος,
970 572 1052 651 οἷς
1114 574 1180 640 τό
1236 633 1267 662 u
1284 572 1539 661 γυναῖκά
1587 600 1649 640 τε
1692 574 1923 657 θήσατο
1969 575 2153 658 μαζόν
2172 579 2202 608 ”
2262 581 2355 660 (Ω,
2395 582 2517 661 58).
2564 616 2651 625 -

596 677 814 754 ὅλλωςε
873 678 1140 742 στικτέον
1185 680 1268 753 εἷς
1312 676 1377 742 τό
1427 674 1790 764 αοῖνιόνταᾞ
1837 681 1936 743 καὶ
1982 677 2102 767 (οὐ)
2148 683 2331 744 λείπει
2373 679 2438 744 vd
2488 677 2648 743 ἰδών.

597 781 715 863 ἤδη
789 779 901 868 γὰρ
960 779 1225 863 σύνηθές
1269 783 1390 847 ἔστι
1432 789 1555 857 τοῖς
1592 780 1920 858 Ἀττικοῖς·
1991 840 2018 868 u
2035 786 2219 867 χαίρω
2264 784 2330 846 δέ
2375 779 2438 845 σ’
2485 779 2649 847 εὔτυ-

596 892 814 967 χοῦντα
860 885 963 949 καὶ
1007 883 1382 969 προσήμενον
1398 889 1428 917 ''
1475 891 1682 970 (Rhes.
1727 866 1919 968 ἱ3390)·
1980 885 2080 948 καὶ
2139 884 2395 968 ἀλλαχοῦ
2440 883 2475 950 ὁ
2521 912 2651 950 ποι-

596 987 742 1070 ητὴς
824 986 1089 1074 αῆχθετο
1172 986 1283 1073 γάρ
1359 990 1436 1071 ῥα
1511 990 1745 1072 Τρωσὶν
1809 989 2272 1070 δαμναμένους”
2341 995 2441 1074 (Ν
2483 997 2649 1072 352).

599 1097 731 1160 Quo
809 1097 940 1156 loco
1023 1097 1287 1157 Nicanor
1380 1096 1593 1157 Atticis
1679 1096 1956 1157 usitatam
2043 1116 2170 1157 esse
2255 1097 2653 1158 elocutionem

598 1201 773 1273 dicit,
835 1219 1010 1280 quam
1076 1200 1391 1276 Oropicam
1458 1219 1586 1260 esse
1647 1205 1921 1260 auctores
1980 1200 2162 1260 modo
2213 1202 2651 1261 commemorati

598 1304 967 1364 confirmant.
1054 1303 1266 1363 Utrum
1333 1303 1594 1363 Nicanor
1657 1303 2116 1381 appellationem
2180 1320 2262 1380 σχ.
2313 1295 2654 1382 Ὠρωπικόν

597 1406 966 1483 ignoraverit
1021 1427 1096 1466 an
1153 1406 1424 1467 consulto
1482 1407 1803 1467 mutaverit
1845 1440 1928 1450 -
1975 1407 2210 1484 Oropus
2268 1408 2452 1467 fuisse
2519 1429 2647 1468 cum

597 1511 659 1568 in
704 1511 937 1571 dicione
968 1511 1423 1570 Atheniensium
1455 1515 1630 1583 esset,
1676 1515 1879 1570 notum
1926 1517 2017 1571 est
2042 1543 2148 1584 —-,
2193 1530 2314 1572 non
2358 1511 2565 1592 liquet.

600 1613 873 1693 Denique
905 1615 975 1673 ad
998 1616 1102 1673 M:
1144 1605 1401 1692 Ἀργεῖοι
1432 1605 1498 1671 δ’
1530 1610 1593 1672 ἐν
1622 1609 1797 1689 νηυσὶ
1832 1612 2012 1690 φίλην
2043 1611 2104 1684 ἐς
2133 1608 2374 1692 πατρίδ’
2414 1611 2653 1692 ἔβησαν,

1014 1717 1087 1775 17
1138 1707 1211 1792 δὴ
1258 1708 1388 1775 τότε
1434 1710 1767 1793 μητιόωντο
1821 1711 2173 1777 Ποσειδάων
2217 1713 2320 1776 καὶ
2356 1708 2655 1776 Ἀπόλλων

1138 1822 1324 1896 τεῖχος
1368 1812 1709 1897 ἀμαλδῦναι

770 1924 953 1984 schol.
998 1924 1081 1983 T:
1147 1921 1559 1999 Μιλησίων
1621 1914 1663 1999 ἦ
1724 1914 2076 2000 οἷναστροφή
2141 1915 2207 1982 τὸ
2271 1915 2393 2004 ιιδὴ
2455 1915 2651 1981 τότε”.

770 2027 969 2087 Verba
1033 2027 1189 2085 enim
1255 2046 1286 2085 e
1351 2025 1709 2086 scholiastae
1769 2027 2050 2102 opinione
2115 2027 2353 2086 inversa
2425 2026 2656 2086 ratione

601 2124 762 2210 ιτότε
808 2123 914 2206 δή’
962 2130 1306 2190 collocanda
1350 2136 1539 2202 erant,
1587 2131 1663 2189 cf.
1690 2129 2092 2190 Phoebammo
2138 2151 2182 2189 S.
2212 2150 2267 2191 v.
2302 2122 2654 2206 ἀναστροφή

605 2233 730 2311 (Sp.
776 2235 867 2293 rh.
914 2235 1012 2294 Gr.
1058 2234 1158 2293 111
1208 2234 1332 2309 48).

774 2338 857 2398 Ut
916 2338 1120 2414 paucis
1185 2343 1482 2414 repetam,
1547 2356 1700 2418 quae
1762 2339 1876 2397 hoc
1935 2337 2126 2414 capite
2190 2336 2473 2414 exposui,
2542 2335 2658 2395 tria

605 2442 904 2501 schemata
963 2459 997 2499 a
1058 2440 1262 2520 lyricis
1308 2441 1613 2501 nominata
1668 2433 2009 2519 (Ἰβύκειον,
2048 2430 2459 2516 Ἀλκμανικόν,
2511 2439 2656 2496 Πιν-

607 2541 880 2623 δαρικόν)
940 2545 1057 2604 iam
1103 2547 1175 2604 ab
1224 2546 1566 2605 Aristarcho
1613 2551 2144 2604 commemorantur
2158 2568 2174 2618 ;
2232 2548 2468 2620 praeter
2510 2544 2658 2601 haec

606 2648 723 2708 tria
781 2648 943 2707 nulla
1000 2649 1297 2709 schemata
1354 2655 1663 2725 poetarum
1723 2648 1963 2707 nomine
2021 2646 2317 2725 appellata
2377 2646 2657 2707 videntur

607 2770 752 2810 esse.
830 2751 997 2814 Quae
1042 2751 1114 2810 de
1158 2752 1393 2811 urbium
1438 2751 1535 2811 vel
1580 2752 1847 2825 gentium
1886 2751 2105 2826 linguis
2134 2751 2465 2822 traduntur,
2512 2749 2658 2807 haec

608 2875 640 2913 e
703 2853 1091 2932 scriptoribus
1161 2855 1349 2931 petita
1429 2860 1585 2915 sunt.
1696 2853 2173 2914 vetustissimum
2253 2852 2655 2913 testimonium

609 2958 926 3031 doctrinae,
979 2977 1098 3037 qua
1142 2958 1612 3017 constructiones
1658 2959 1975 3017 verborum
2019 2956 2336 3016 inusitatae
2382 2955 2659 3029 gentibus

607 3062 1014 3137 assignantur,
1089 3061 1463 3134 Aristarcho,
1536 3081 1654 3141 qua
1720 3061 1884 3120 urbis
1946 3059 2157 3120 incolis
2220 3058 2659 3135 impertiuntur,

608 3166 945 3225 Philoxeno
991 3166 1289 3225 debemus.
1348 3165 1735 3225 Lesbonactis
1766 3166 1955 3240 σχῆμα
1987 3156 2110 3221 ἆπὸ
2144 3159 2434 3231 Βοιωτίας
2467 3181 2659 3237 gram-

609 3269 807 3329 matici
863 3273 999 3327 ante
1057 3268 1434 3327 Heraclidem
1479 3268 1780 3328 Milesium
1825 3268 2230 3343 comprobant.
2318 3267 2369 3324 E
2412 3265 2660 3344 reliquis

609 3372 816 3449 figuris
860 3374 1154 3430 testantur
1197 3371 1380 3430 solam
1438 3370 1803 3429 Corinthiam
1848 3369 2277 3448 Etymologica.
2367 3368 2531 3428 Alibi
2565 3387 2660 3427 oc-

611 3479 856 3535 currunt
901 3494 935 3533 a
977 3474 1346 3534 Lesbonacte
1412 3473 1628 3535 omissa
1679 3473 1873 3549 σχῆμα
1910 3464 2218 3544 Ἀττικόν,
2280 3463 2661 3529 Μακεδόνων

610 3573 712 3638 καὶ
763 3575 1085 3651 Θετταλῶν,
1123 3570 1464 3656 Ὠρωπίων,
1512 3574 1846 3652 Μιλησίων.
