3234 4950
489 362 588 423 111
1309 397 1392 407 -
1470 346 1564 427 ’59
1652 398 1736 408 .-

489 535 778 610 exemplis
839 535 1167 608 suffieiant‚
1238 535 1425 610 magis
1485 535 1745 609 genuina
1806 555 1933 593 esse
1994 535 2349 594 contendere
2422 553 2540 591 non

489 639 695 709 aude0,
741 637 1019 716 quoniam
1065 640 1335 698 redactor
1379 644 1678 697 auctorem
1725 639 2030 697 decurtare
2077 637 2246 696 solet.

661 813 719 867 p.
754 796 853 865 34,
884 793 979 853 17..
1058 793 1328 850 Formam
1359 783 1644 866 Ἰβύκειον
1674 774 1919 851 tuentur
1947 798 2251 867 poetarum
2287 792 2542 849 auetori-

489 901 578 953 tas
612 901 673 952 et
694 895 1204 970 grammaticorum
1236 895 1594 954 testimonia.
1627 895 1778 952 Nam
1811 895 2101 954 adiectiva
2129 914 2165 953 a
2192 894 2543 971 scriptorum

490 998 828 1056 nominibus
860 997 1141 1070 derivata,
1191 1017 1340 1075 quae
1389 998 1670 1056 desinunt
1698 997 1759 1054 in
1808 997 1896 1070 o—g,
1941 999 2002 1055 in
2049 995 2177 1065 ε-ιὸξ
2216 996 2350 1056 duei
2389 1016 2544 1056 oom-

492 1101 748 1178 probant

669 1252 727 1329 l)
773 1254 999 1314 Gallim.
1046 1255 1230 1329 epigr.
1282 1260 1337 1326 6,
1387 1259 1422 1311 3
1470 1254 1795 1330 (Wilam.):
1854 1245 2173 1329 Ὀμήρειον
2232 1248 2297 1311 δὲ
2343 1252 2547 1310 καλεῦ-

779 1377 886 1430 am
928 1350 1185 1435 γράμμα·

668 1479 730 1555 2)
776 1477 1008 1549 Kaibel,
1065 1497 1156 1555 ep.
1224 1496 1308 1551 gr.
1374 1480 1490 1534 195
1551 1497 1608 1536 v.
1658 1481 1727 1534 4:
1788 1469 1957 1533 εἰπόν
2012 1470 2304 1555 Ἀρατίῳ·
2371 1478 2546 1554 γαῖαν

778 1577 931 1655 ἔχοις
976 1573 1252 1656 ἐλαφρόν.

494 1685 597 1742 ubi
664 1702 741 1740 ex
794 1688 1007 1758 poetae
1074 1683 1369 1741 sententia
1418 1673 1697 1760 Ἀρατείῳ
1761 1683 2136 1740 scribendum
2192 1682 2375 1740 fuisse
2420 1680 2548 1738 iure

499 1786 691 1844 editor
734 1785 1058 1844 adnotavit.

670 1904 732 1980 3)
778 1904 1099 1963 Herodian.
1148 1904 1213 1962 ΙΙ
1259 1925 1316 1980 p.
1364 1908 1506 1980 442,
1554 1909 1589 1962 6
1638 1904 1791 1981 (L.):
1857 1898 1927 1961 τὰ
1973 1896 2092 1962 ἆπὸ
2153 1905 2271 1961 τῶν
2333 1901 2416 1971 εἰς
2476 1903 2550 1960 εἶν

497 1998 648 2084 ὖπὲρ
709 2007 850 2081 μίαν
894 2000 1189 2083 συλλαβήν
1234 2000 1374 2066 ὄντα
1420 2000 1519 2064 διαὶ
1562 2009 1672 2064 τοῦ
1719 2008 1806 2074 ιο-’ξ
1853 2001 2237 2085 παραγόμενα
2296 1998 2396 2064 διὰ
2441 2007 2549 2064 τοῦ

500 2115 526 2168 ῖ
571 2103 884 2189 γράφεται,
931 2101 1063 2168 οἷον
1118 2102 1296 2168 Τιτάν
1351 2102 1641 2179 Τιτάνιος,
1696 2102 1899 2167 Παιάν
1950 2103 2264 2179 Παιάνιος.
2358 2102 2550 2190 τούτῳ

497 2216 577 2289 τῷ
640 2206 794 2295 λόγῳ
851 2210 952 2270 καὶ
994 2205 1249 2287 Ἀλκμάν
1291 2205 1637 2287 Ἀλκμᾶνιος
1701 2205 1947 2283 ὤφειλεν
1993 2203 2144 2270 εἷναι
2206 2204 2307 2269 διὰ
2351 2212 2457 2269 τοῦ
2497 2216 2549 2270 ῖ.

497 2308 629 2374 ἀλλ’
673 2312 830 2373 ἔστιν
867 2306 1265 2390 Ἀλκμᾶνειος,
1312 2307 1632 2390 ἐπειδὴλτοὶ
1680 2312 1778 2373 ἐπὶ
1836 2316 2253 2392 πραγματειῶν
2303 2308 2402 2372 δια
2463 2313 2551 2372 δι-

499 2412 782 2499 φθόγγου
827 2413 1113 2497 γράφεται
1157 2410 1287 2478 οἷον
1328 2411 1723 2493 Ἀλκμάνειος,
1773 2410 2204 2496 Μενάνδρειος,
2243 2412 2552 2496 Ἀριστάρ-

498 2543 670 2598 χειος,
720 2516 1109 2598 Εὐριπίδειος
1154 2523 1363 2600 (verba
1408 2514 1478 2579 τοὶ
1525 2519 1622 2580 ἐπὶ
1669 2523 2083 2599 πραγματειῶν
2130 2525 2200 2580 de
2238 2523 2550 2581 adieetivis

499 2626 781 2701 intellego
829 2645 978 2705 quae
1025 2626 1222 2701 operis
1266 2626 1566 2684 cuiusdam
1608 2633 1906 2684 auctorem
1951 2626 2219 2684 indicant
2262 2626 2335 2683 of.
2368 2624 2550 2682 schol.

500 2729 675 2787 Dion.
723 2727 861 2787 Thr.
906 2728 975 2786 Π
1020 2732 1139 2785 853
1189 2726 1428 2805 Bekk.).

673 2850 735 2925 4)
781 2848 1196 2908 Herodian.H
1245 2854 1385 2921 439,
1433 2854 1511 2906 32
1560 2848 1721 2926 (L.):
1804 2841 2302 2924 Καλλιστράτειος,
2363 2839 2551 2924 Ἀρχε-

1803 2944 2119 3027 στράτειος.

1140 3055 1208 3112 ΙΙ
1258 3058 1395 3127 441,
1445 3059 1522 3112 25
1571 3052 1727 3129 (L.):
1798 3046 2252 3130 Ἀριστάρχειος,
2290 3045 2551 3129 ““Ηροόό-

1805 3175 1973 3224 τειος.

671 3332 728 3389 p.
784 3314 882 3383 35,
932 3316 987 3370 6.
1075 3310 1279 3383 Ratio,
1344 3330 1462 3389 qua
1519 3309 1709 3385 figura
1770 3311 1842 3368 ab
1886 3311 1944 3368 A
1988 3315 2050 3368 et
2092 3309 2141 3366 L
2203 3308 2551 3384 explicatur,

505 3414 889 3474 offensionem
937 3414 1229 3492 quandam
1273 3415 1534 3489 praebet.
1627 3413 1777 3470 Nam
1835 3431 1966 3471 eum
2021 3413 2194 3472 initio
2240 3431 2431 3471 sermo
2478 3412 2557 3471 sit

501 3519 562 3574 in
609 3518 949 3576 universum
996 3519 1069 3575 de
1112 3515 1485 3588 indicativis,
1548 3536 1669 3574 non
1730 3517 1800 3575 de
1863 3524 2025 3574 certa
2068 3515 2377 3575 indicativi
2422 3535 2554 3591 per-

502 3639 662 3690 sona,
709 3619 905 3694 pergit
949 3624 1004 3677 A
1067 3616 1149 3687 εἰς
1213 3612 1459 3695 μετοχὰς
1519 3611 1760 3676 ἀναλύει
1824 3611 1913 3695 (vd
1962 3618 2177 3694 σχῆμα)
2239 3609 2383 3692 μετα
2447 3618 2555 3675 τοῦ

504 3719 714 3800 (ἐστίν’
761 3714 802 3795 ἢ
845 3719 1045 3800 ιεἰμί’,
1092 3724 1139 3779 Β
1185 3719 1269 3790 εἰς
1314 3715 1576 3797 μετοχάς,
1638 3714 1702 3779 ‘cd
1767 3716 1831 3778 δὲ
1878 3718 2088 3801 ιἐστίν’
2136 3716 2556 3797 προστιθέντες

502 3817 877 3897 οἷναλύουσιν,
940 3843 1091 3904 quae
1152 3827 1348 3896 verba,
1411 3845 1541 3884 oum
1604 3824 1952 3899 scriptorem
2013 3823 2212 3883 verbis
2265 3823 2553 3898 generali-

502 3930 612 3986 bus
673 3947 842 3985 usum
902 3927 1257 3987 indicativos
1312 3926 1552 3986 dissolvi
1597 3927 1662 3985 in
1707 3926 2023 4004 partieipia
2067 3927 2383 3985 coniuncta
2425 3944 2555 3984 oum

500 4032 825 4090 indicativo
913 4031 1082 4091 verbi
1171 4029 1530 4090 substantivi
1618 4031 1958 4090 additurum
2047 4050 2173 4089 esse
2248 4033 2554 4108 exspecte-
