3234 4950
1449 323 1873 389 —12-
2609 325 2671 394 11

639 491 749 557 κᾶν
780 496 953 572 ξίφος
968 494 1001 557 ’.
1049 492 1230 580 λόγου
1259 493 1321 557 δὲ
1353 490 1435 568 οἷς
1464 490 1528 557 td
1554 489 1635 580 “6
1694 502 1722 558 1

635 592 802 670 οἶκος
845 599 1103 677 βεβαίως
1141 595 1254 661 οὐκ
1293 597 1634 674 οἰκειοῦται,

632 699 778 784 λέγω
843 698 907 763 δὲ
970 695 1053 773 αἷς
1110 702 1173 764 οἱ
1233 698 1506 778 μένοντες
1570 699 1634 762 ἐν

636 799 829 887 τούτῳ
903 802 1123 883 ταχέως
1190 802 1562 884 μετέρχονται
1577 800 1630 862 ”.

716 901 899 968 ’Armi
958 909 1242 968 κοινοῦ
1307 905 1424 967 ἐστι
1485 903 1634 978 λέξις
1691 915 1724 968 5

632 1003 791 1082 ἅπαξ
819 1007 925 1088 μὲν
953 1007 1234 1092 λεγομένη
1275 1008 1373 1068 καὶ
1408 1007 1634 1082 ἔξωθεν

630 1111 1073 1192 λαμβανομένη,
1125 1107 1256 1174 οἷον
1303 1105 1634 1197 ιιοῖπελθοόν

632 1208 814 1299 ᾔτησε
876 1209 1018 1288 τούς
1076 1210 1320 1296 ἄνδρας,
1387 1209 1634 1292 μάλιστα

636 1315 702 1379 δὲ
723 1318 1075 1398 Χαρίδημον
1106 1316 1203 1378 καὶ
1219 1313 1565 1396 Ἵππαρχον
1579 1314 1632 1375 ”.

632 1418 736 1481 καὶ
778 1415 1055 1499 ’Ὄμηρος
1119 1420 1420 1505 (ιέλίσσετο
1484 1412 1663 1558 πάν-1

636 1545 740 1593 τας
761 1517 1058 1601 Ἀχαιούς,
1104 1517 1369 1600 Ἀτρεΐδα
1413 1518 1478 1582 δὲ
1522 1517 1632 1599 μά-

630 1629 793 1686 λιστα
810 1623 843 1651 ”
904 1627 991 1706 (Α
1027 1627 1147 1706 15).
1229 1618 1348 1685 οἷπὸ
1423 1560 1664 1697 κοινοῦ,

632 1721 744 1808 γαρ
778 1722 877 1788 ἐπ’
916 1726 1182 1799 ἐκείνους
1211 1724 1318 1804 μὲν
1349 1721 1413 1787 τό
1446 1785 1477 1811 u
1498 1721 1631 1811 ᾔτη-

631 1828 795 1903 σεν”,
846 1827 946 1891 ἐπὶ
988 1826 1207 1891 τούτου
1249 1826 1310 1890 δὲ
1340 1823 1406 1889 vd
1441 1828 1631 1913 αἐλίσ-

629 1930 828 1994 σετο”.
1691 1939 1765 1994 15

712 2027 1199 2116 Ἑτερογενές
1272 2033 1393 2096 ἐστι
1458 2028 1633 2112 μετά-

635 2138 809 2216 βασις
866 2132 988 2198 aad
1055 2135 1265 2218 γένους
1326 2136 1410 2209 εἰς
1467 2134 1633 2218 γένος

633 2235 785 2321 πρὸς
829 2236 895 2301 vd
943 2235 1288 2317 νοούμενον,
1334 2233 1466 2300 οἷον
1512 2237 1632 2325 “vok

632 2342 770 2422 περὶ
814 2337 1124 2420 θαλάσσης
1185 2338 1422 2420 φοβερά
1466 2342 1629 2419 εἰσιν,

631 2444 869 2527 έρημίαι
914 2435 1089 2507 οὖσαι
1106 2443 1157 2504 ”.
1204 2443 1306 2505 καὶ
1345 2438 1379 2506 ὁ
1415 2442 1630 2508 Θεολό-
1689 2456 1766 2510 20

631 2572 736 2630 yos·
797 2542 998 2633 απαρ’
1058 2547 1273 2610 ἑαυτοῦ
1331 2546 1396 2609 δὲ
1440 2545 1631 2628 πνοὴν

632 2650 832 2724 ἐνθεὶς
907 2647 943 2713 ὃ
1006 2646 1083 2728 δὴ
1147 2646 1361 2732 νοεροῖν
1426 2647 1630 2730 ψυχὴν

633 2748 794 2816 οἶδεν
825 2749 860 2816 ὁ
888 2749 1106 2835 λόγος”
1126 2756 1327 2835 (Greg.
1348 2757 1628 2815 Nazianz.

633 2880 716 2919 or.
760 2860 932 2919 XLV
981 2859 1147 2938 850).

715 2953 1412 3038 Ἑτεροπρόσωπόν
1458 2958 1628 3037 ἔστιν,
1686 2969 1762 3022 25

632 3057 775 3123 ὅταν
835 3059 1034 3141 ἕτερον
1092 3057 1420 3141 πρόσωπον
1477 3055 1627 3123 ὕπο-

629 3160 935 3242 βάλλωμεν
980 3163 1148 3245 λέγον
1193 3160 1232 3224 ἃ
1267 3158 1438 3243 ἡμεῖς
1470 3164 1628 3242 ἐμέλ-

628 3272 802 3344 λομεν
845 3265 1050 3347 λέγειν,
1098 3261 1230 3327 οἷον
1276 3262 1542 3351 απάντες
1572 3268 1635 3328 οἱ

629 3364 952 3450 Αἰγύπτιοι
998 3369 1189 3446 βοῶσι
1234 3367 1340 3446 τήν
1384 3366 1628 3431 ἀδικίαν

631 3465 866 3550 ἦμῶν”.
915 3465 956 3549 ἢ
1001 3467 1143 3532 ὅταν
1188 3467 1359 3532 αὐτοὶ
1403 3470 1509 3549 μὲν
1540 3471 1627 3533 λέ·
1685 3481 1762 3535 30

630 3596 839 3656 γωμεν,
879 3570 1031 3654 πρός
1062 3572 1259 3655 ἕτερον
1291 3571 1353 3636 δὲ
1389 3570 1627 3637 ἀποτει-

629 3673 878 3754 νοίμεθα
922 3675 1023 3738 καὶ
1070 3671 1145 3738 οὕ
1175 3673 1327 3756 πρός
1355 3672 1461 3739 το“ν
1494 3674 1624 3740 ἄδι-

627 3775 912 3858 κήσαντα,
959 3773 1091 3840 οἷον
1135 3775 1281 3863 «ἐγώ
1342 3777 1407 3841 δὲ
1452 3776 1627 3853 εἶδός

630 3906 762 3944 τινα
806 3877 1145 3962 βλάπτοντα
1189 3878 1294 3944 τόν
1337 3881 1519 3956 πέλας
1548 3877 1622 3945 εἷ-

628 4008 747 4047 πον
808 3981 962 4065 πρὸς
1015 3979 1201 4047 αὐτόν
1245 3980 1361 4070 ιοτῗς
1404 3979 1628 4059 ἀδικεῖς
1683 3993 1761 4048 35

626 4083 733 4150 τὸν
776 4085 1043 4163 abietem.

1693 1426 1769 1481 10

1861 495 2065 571 φίδιον
2115 488 2414 574 Περσικόν
2461 498 2509 555 L

1860 591 2024 669 οἶκος
2068 585 2247 669 οὗτος
2292 601 2340 658 L
2371 601 2408 659 b
2445 590 2458 677 Ι
2512 595 2685 657 οἰκει-

1860 703 2030 762 οῦται
2059 703 2098 762 b
2117 721 2122 725 ’
2142 699 2393 760 οἰκεῖται
2424 703 2472 760 L
2504 696 2527 783 ss
2560 696 2686 777 μέλ-

1856 808 2051 875 λοντες
2096 805 2143 863 L
2189 807 2226 863 b

1860 1006 1967 1087 μὲν
1998 1031 2093 1071 om
2135 1013 2185 1070 L
2220 1005 2227 1091 Ι
2267 1013 2405 1069 ante
2441 1004 2542 1068 καὶ
2576 1010 2687 1068 add

1860 1107 2138 1183 πολλάκις
2168 1108 2231 1172 δὲ
2255 1107 2551 1188 νοουμένη
2574 1113 2622 1170 L
2647 1113 2684 1170 b

1860 1207 2079 1298 ᾔττησα
2124 1217 2174 1274 L
2220 1219 2257 1275 b

1860 1414 2130 1481 έλύσσετο
2177 1421 2227 1478 L

1858 1726 2087 1788 ἐκείνου
2136 1730 2186 1788 L
2215 1730 2246 1787 f
2272 1734 2298 1788 t
2343 1724 2605 1796 ἐκείνους
2643 1749 2683 1804 p

1862 1824 2143 1914 ᾔττησαΙ,
2163 1833 2201 1890 b
2236 1826 2259 1912 ss
2336 1822 2602 1889 ἔλύσσετο
2634 1830 2684 1887 L

1855 2339 2161 2403 θάλασσαν
2206 2347 2256 2403 Ι,
2301 2347 2338 2405 b

1855 2545 2050 2627 πνοὴν
2094 2554 2132 2611 b
2178 2542 2381 2626 ψυχὴν
2426 2550 2476 2607 Ι,

1856 2747 2017 2815 οἶδεν
2060 2748 2098 2814 ὅ
2139 2749 2316 2833 λόγος
2360 2775 2453 2814 om
2501 2755 2551 2813 L

1852 3161 2030 3244 λόγον
2071 3187 2110 3244 p
2157 3174 2184 3226 t
2226 3163 2396 3245 λέγον
2440 3168 2488 3225 Ι,
2535 3167 2567 3223 f

1853 3261 2271 3338 οἷον-πέλας
2314 3270 2450 3328 inol.
2487 3270 2550 3346 (l.
2575 3270 2679 3346 34)

1854 3375 1912 3431 h.
1957 3373 1996 3431 l.
2043 3394 2137 3432 om
2184 3374 2249 3446 L,
2297 3363 2428 3431 οἷον
2459 3404 2542 3413 —-
2578 3369 2684 3446 βο·-

1854 3475 1963 3533 ὤσι
2004 3477 2078 3535 ab
2110 3476 2225 3534 alia
2256 3494 2433 3533 manu
2468 3475 2531 3532 in
2563 3474 2681 3531 fine

1851 3578 2051 3637 addita
2086 3573 2105 3660 ΙΙ
2236 3582 2314 3635 30
2362 3568 2547 3635 αὐτόν
2600 3582 2626 3636 t
2662 3573 2680 3659 ss

1740 3677 1751 3686 ’
1854 3684 1929 3739 31
1967 3670 2409 3755 ἄποτεινόμεθα
2453 3685 2479 3739 t

1862 3775 2008 3841 ἰδών
2051 3784 2100 3841 L
2131 3784 2170 3841 b
