3234 4950
536 379 605 449 11
1350 376 1778 446 ...15-

2205 570 2301 604 rec.
2339 557 2379 602 B

1896 643 2046 689 Laur.
2382 656 2479 689 rec.
2515 642 2548 688 b

1666 722 1809 789 ἐμοῦ.
1894 725 1983 778 καὶ
2034 720 2280 791 ’Όμηρος

1629 848 1632 887 1
1664 853 1690 875 ι,
1710 809 1820 862 ἐπεί
1890 807 1954 875 μ’
2015 805 2279 877 αἶποείρετο

1665 891 1851 961 κούρην
1868 896 1897 918 ”
1922 898 1985 962 (ἲ)
2024 896 2111 948 καὶ
2134 894 2277 950 πάλιν
2300 853 2306 968 ι

1662 1024 1689 1044 u
1711 976 1819 1031 ἐπεί
1846 976 1909 1045 μ’
1935 977 2195 1047 ἀφέλεσθέ
2217 999 2277 1047 γε

1662 1063 1837 1125 δόντες
1854 1067 1879 1088 ”
1903 1060 2014 1118 ‘ivri
2036 1067 2124 1118 τοῦ
2151 1066 2276 1132 ἐμοῦ

1663 1146 1916 1216 ἀφείλετο.

755 651 850 684 rec,
891 637 923 683 b
1167 635 1185 840 Η
1311 653 1408 686 rec.
1446 639 1490 686 A

605 1216 815 1278 Δωριεῖς
869 1211 965 1267 ἀπ’
1016 1214 1147 1267 ἐναν-

533 1298 646 1357 τίας
679 1305 785 1358 τοῖς
806 1295 1058 1359 Ἀττικοῖς
1085 1298 1146 1352 τοὶ

536 1383 742 1452 ῥήματα
759 1385 920 1436 ταῦτα
939 1380 1148 1436 cuv-reio·

536 1486 680 1522 σουσι
728 1471 1027 1537 ιμέμφομαί
1063 1472 1147 1522 σε’
1627 1475 1644 1593 ,Ι

535 1555 759 1620 λέγοντες
783 1557 871 1607 καὶ
889 1601 900 1621 ⁴
918 1551 1147 1618 ὀνειδίζω

536 1643 623 1692 σε’
698 1640 785 1693 καὶ
868 1640 933 1694 τὰ
1005 1638 1147 1695 λοιπὰ

536 1724 740 1792 ὁμοίως.

705 1822 848 1881 Cum
925 1820 1219 1878 sententia
1282 1821 1512 1895 prolata
1575 1822 1727 1879 bene
1797 1821 2095 1882 consentit
2166 1829 2307 1881 nota
2379 1823 2581 1883 codice

531 1923 882 1982 Taurinensi
930 1930 1178 1996 servata,
1227 1941 1400 1998 quem
1449 1923 1625 1982 simul
1668 1943 1794 1981 cum
1846 1925 2074 1982 duobus
2105 1924 2239 1983 aliis
2270 1944 2348 1983 ex
2377 1927 2581 1985 eodem

531 2045 647 2087 rec.
691 2026 728 2084 b
795 2026 1119 2102 archetypo
1181 2045 1449 2083 manasse
1504 2024 1660 2083 infra
1703 2025 2256 2089 demonstrabimus.
2346 2027 2584 2087 Scilicet

532 2130 594 2187 in
626 2130 800 2188 huius
831 2129 964 2186 libri
1000 2129 1376 2204 manuscripti
1415 2129 1677 2203 margine
1709 2129 1781 2187 ad
1822 2130 2014 2206 Τρῶες
2045 2130 2129 2205 (p.
2164 2134 2263 2202 39,
2299 2129 2362 2206 9)
2404 2133 2581 2190 rubre

534 2235 832 2310 appictum
879 2239 971 2291 est
1017 2228 1077 2290 ἐν
1121 2223 1276 2313 ἄλλῳ
1309 2223 1535 2299 Ἴωνές.
1606 2231 1776 2294 Quod
1824 2232 2021 2291 hausit
2051 2233 2243 2291 scriba
2274 2252 2352 2291 ex
2380 2235 2583 2317 arche-

422 2342 425 2346 ‘
532 2342 678 2414 typo
724 2335 1088 2395 recensionis
1133 2336 1190 2408 b,
1236 2335 1402 2394 cuius
1448 2334 1510 2392 in
1541 2335 1806 2408 margine
1837 2335 2105 2394 redactor
2135 2336 2267 2408 hoc,
2315 2337 2471 2415 quod
2506 2355 2583 2394 ex

538 2446 584 2500 A
635 2439 932 2516 cognitum
979 2439 1252 2511 habebat,
1315 2442 1658 2508 notaverat3
1721 2456 1854 2496 nam
1904 2436 2286 2498 Taurinensis
2331 2439 2580 2498 scribam

533 2544 724 2621 ipsum
770 2543 915 2602 illud
965 2542 1371 2603 observavisse
1432 2543 1585 2600 haud
1634 2542 1916 2600 credibile
1962 2548 2071 2602 est.
2159 2542 2301 2601 Tam
2348 2563 2581 2603 somno-

533 2648 730 2706 lentus
774 2648 877 2706 ille
923 2646 1405 2722 deprehenditur,
1451 2652 1541 2704 tot
1594 2645 1760 2704 vitiis
1807 2643 2064 2704 codicem
2114 2664 2283 2703 suum
2327 2646 2583 2719 refersit,

536 2770 686 2831 quae
732 2752 847 2809 alio
893 2750 1279 2808 Lesbonactis
1322 2749 1725 2824 manuscripto
1758 2747 2025 2824 inspecto
2058 2766 2272 2821 magna
2303 2765 2378 2805 ex
2414 2755 2582 2823 parte

536 2862 696 2915 certo
743 2855 952 2914 tollere
1000 2855 1220 2913 debuit.

702 2959 1012 3017 Sententia
1056 2957 1240 3031 igitur
1284 2956 1470 3031 magis
1516 2956 1777 3014 stabilita
1821 2954 1995 3012 nobis
2038 2953 2155 3011 alia
2198 2953 2454 3028 vestigia
2491 2954 2580 3011 in-

536 3063 824 3141 quirenda
868 3068 1020 3133 sunt,
1069 3061 1286 3139 quibus
1330 3059 1452 3117 red.
1497 3060 1535 3117 b
1583 3057 1926 3117 recensione
1971 3060 2027 3115 A
2071 3077 2239 3114 usum
2275 3075 2401 3114 esse
2445 3076 2579 3114 con-

535 3166 819 3224 firmetur.
884 3164 1069 3222 Parca
1112 3163 1514 3222 inveniuntur.
1568 3160 1792 3218 Tamen
1840 3159 2172 3235 exemplum
2224 3159 2578 3218 dubitationi

536 3269 771 3346 quidem
829 3267 1152 3325 obnoxium
1216 3262 1702 3322 animadvertisse
1747 3262 1952 3321 videor
1997 3262 2249 3337 primum
2297 3261 2358 3319 in
2405 3262 2577 3321 titulo

535 3371 821 3447 opusculi,
867 3371 938 3428 de
983 3389 1101 3449 quo
1147 3387 1304 3426 nunc
1350 3368 1583 3425 demum
1632 3366 1826 3424 dicere
1872 3365 2041 3425 licet:

704 3493 844 3551 Rec.
881 3496 927 3549 A
961 3488 1312 3565 inscriptum
1342 3488 1553 3547 habet:
1601 3477 2037 3562 Aeossaivanvog
2072 3480 2202 3562 περὶ
2249 3477 2578 3561 σχημάτων.

706 3596 915 3655 Lauta:
953 3586 1233 3650 Ἐθνικαὶ
1267 3582 1561 3649 ὁιάλεκτοι
1589 3580 2025 3664 Λεσβώνακτος
2067 3585 2248 3662 (unde
2279 3568 2495 3647 codicis
2529 3588 2576 3644 Ο

535 3693 697 3775 ἄνθη
742 3695 844 3757 καὶ
889 3691 1180 3756 διάλεκτοι
1228 3687 1375 3753 nato?
1422 3686 1828 3769 Λεσβωνᾶκτη
1874 3692 2221 3767 corrigenda
2266 3691 2446 3767 sunt).

702 3822 816 3862 rec.
864 3804 932 3861 b:
994 3799 1130 3880 περὶ
1190 3801 1309 3857 τῶν
1363 3797 1816 3869 σολοικοφανῶν
1876 3786 2187 3871 σχημάτων
2232 3792 2359 3852 τίνα
2402 3792 2583 3851 τίνων

534 3901 855 3964 διαλέκτων
899 3902 1026 3964 εἰσί.

704 4011 849 4070 cum
895 4009 1102 4069 titulus
1146 4027 1262 4067 rec.
1311 4010 1361 4064 Α
1408 4003 1554 4062 nihil
1602 4002 1948 4061 offensionis
1986 4001 2284 4077 praebeat,
2317 4000 2577 4059 Lauren-
