3234 4950
462 378 533 446 ΙΙ
1282 384 1387 418 -·
1457 368 1532 438 17
1622 408 1705 420 --

463 548 660 608 neutri
706 546 946 623 generis
991 547 1257 623 epitheta
1299 547 1625 607 masculina
1654 552 1716 606 et
1743 547 2032 607 feminina
2061 546 2520 622 coniunguntur.

463 651 767 712 Posterior
808 670 946 728 pars
988 651 1074 710 ita
1117 650 1403 711 traditur:

721 788 870 835 Laur.
1482 787 1514 833 b

532 874 603 938 (p.
632 874 715 933 33,
741 875 829 932 26)
858 867 1050 936 ὁμοίως
1073 868 1132 923 δὲ
1252 865 1472 936 ,ὁμοίως
1507 867 1566 923 δὲ
1603 868 1692 922 καὶ
1722 874 1830 928 τοῖς

463 956 552 1009 καὶ
584 961 692 1015 τοῖς
716 950 1001 1021 οὐδετέροις
1022 950 1130 1008 ὄνό-
1184 950 1468 1022 οὐδετέροις
1481 951 1724 1021 ὀνόμασιν
1742 949 1827 1017 οἷρ-
1880 953 1935 1008 τὸ
1974 952 2135 1022 ιἡδὺς
2157 952 2353 1008 παιδίον
2378 953 2523 1024 βαδί·

466 1058 617 1109 μασιν
653 1037 895 1106 ἀρσενικὰ
926 1040 1017 1093 καὶ
1040 1044 1130 1105 2⁴0-
1187 1039 1357 1094 οενικά
1384 1040 1472 1094 καὶ
1497 1038 1698 1105 θηλυκὰ
1724 1039 1828 1092 ἐπί·
1884 1044 1981 1103 ζων
2001 1042 2027 1092 ’.
2067 1036 2371 1106 Ου’δετέροις
2422 1039 2520 1107 γὰρ

466 1126 592 1182 λυκοὶ
630 1126 842 1180 ἐπίθετα
874 1125 963 1179 καὶ
987 1143 1130 1191 μετο-
1185 1128 1309 1179 fleret
1361 1125 1448 1179 καὶ
1486 1125 1706 1195 μετοχὰς
1742 1126 1827 1190 α’ρ·
1882 1122 2106 1192 ὀνόμασι
2161 1123 2521 1179 συντάσσουσιν

463 1212 561 1282 χοὶς
612 1209 882 1277 οἷρσενικάς
932 1229 989 1264 τε
1043 1210 1132 1263 καὶ
1187 1208 1390 1271 σενικοὶς
1410 1229 1466 1264 τε
1492 1210 1579 1264 καὶ
1598 1209 1829 1279 θηλυκοὶς
1880 1208 2144 1278 ἀρσενικὸν
2181 1211 2270 1264 καὶ
2298 1208 2522 1277 θηλυκὸν

465 1297 696 1365 ὅηλυκάς
742 1305 833 1362 (sc.
869 1296 1130 1364 ἐπιφέρου-
1180 1297 1514 1364 ἐπιφέρουσιν,
1570 1297 1669 1351 οἷον
1721 1294 1829 1364 ,εὖ-
1881 1296 2108 1350 ἐπίθετον
2145 1297 2234 1349 καὶ
2286 1293 2521 1365 μετοχοίς.

467 1402 542 1437 σιν
601 1384 647 1438 οἱ
704 1378 964 1453 Εὕβοεῖς),
1032 1379 1130 1436 οἷον
1184 1381 1325 1450 φυῆς
1347 1382 1572 1437 παιδίον’
1608 1383 1830 1449 atalae&
1883 1378 1955 1443 οἷς
1992 1381 2081 1435 καὶ
2101 1375 2345 1448 ’Όμηρος
2378 1385 2522 1449 ,(δῶ-

464 1467 627 1537 ,dote
650 1468 876 1523 παιδίον’
907 1468 997 1521 καὶ
1019 1467 1129 1534 ,xci-
1184 1487 1284 1534 ριον
1309 1468 1584 1534 καλλίστη’
1609 1467 1699 1543 κα).
1721 1466 1828 1534 ιγύ·
1884 1466 1969 1533 ρόν
1988 1486 2064 1521 τοι
2079 1467 2213 1554 (καὶ)
2252 1467 2373 1535 ἐγώ,
2409 1468 2520 1521 τέκ-

470 1574 569 1621 ριον
595 1554 869 1620 καλλίστη’
906 1553 993 1607 καὶ
1018 1552 1128 1620 ιγύ·
1184 1572 1315 1606 ναιον
1393 1553 1671 1622 ἐρχομένη’
1743 1553 1832 1607 καὶ
1882 1573 1960 1607 νον
2029 1556 2174 1621 φίλε,
2245 1553 2394 1608 τοῦτο
2449 1554 2520 1609 δί-

463 1660 594 1694 ναιον
681 1635 957 1709 ἐρχομένη’
1042 1638 1132 1691 καὶ
1184 1683 1196 1705 ι
1216 1635 1472 1703 μειράκιον
1516 1638 1704 1704 λέγων’
1743 1638 1831 1691 καὶ
1882 1641 2065 1705 δωμι”.

467 1722 753 1792 ,μειράκιον
792 1724 998 1791 λέγων’.
1044 1714 1554 1791 καὶΙ,τῖδύςπαιδίον
1571 1723 1829 1794 βαδίζων’.

454 1808 694 1878 ’Ὄμηρος
747 1809 955 1877 ατέκνον
995 1811 1129 1877 φίλε,
1186 1810 1274 1862 καὶ
1316 1805 1559 1875 ’Όμηρος
1613 1852 1642 1876 u
1659 1810 1856 1863 τέκνον·

463 1899 611 1950 τοῦτο
646 1896 836 1963 δίδωμι
852 1899 878 1921 ”
916 1900 963 1965 (ο
996 1896 1131 1955 125).
1184 1895 1316 1963 φίλε,
1372 1898 1521 1947 τοῦτο
1578 1896 1770 1961 δίδωμι
1787 1840 1857 1955 ’ἲί

2175 788 2219 835 A

1949 866 2411 938 Εὗβο[ε]ικόν,
2450 864 2524 928 ὥς

640 2004 991 2082 Exemplum
1055 1994 1232 2084 ‘vionig
1291 1999 1533 2060 παιδίον
1590 1999 1875 2074 βαδίζων’
1925 2003 2181 2062 occurrit
2222 2005 2517 2085 integrum

464 2109 617 2184 apud
665 2112 718 2167 A
765 2115 825 2166 et
869 2108 925 2181 b,
971 2106 1305 2164 mutilatum
1351 2105 1414 2161 in
1463 2104 1671 2174 Laur.;
1718 2124 1893 2180 porro
1941 2106 2144 2163 eodem
2193 2107 2355 2180 loco,
2402 2126 2518 2186 quo

464 2213 638 2270 Laur.
688 2201 871 2291 ‘ricinis
916 2204 1181 2267 uatoiov'
1214 2209 1476 2284 praebet,
1510 2227 1625 2266 rec.
1658 2207 1695 2265 b
1727 2207 1908 2267 habet
1938 2264 1951 2288 ι
1971 2199 2202 2283 εὐφυής
2231 2205 2520 2269 παιδίον’.

462 2314 595 2374 Hoc
640 2312 955 2372 discrimen
999 2312 1082 2372 ita
1124 2310 1405 2386 explicari
1456 2316 1684 2386 potest,
1740 2316 1809 2368 ut
1853 2311 2113 2371 dicamus
2157 2313 2519 2372 redactorem

462 2418 498 2477 b
546 2437 623 2477 ex
668 2419 721 2473 A
766 2415 1138 2476 transtulisse
1202 2404 1385 2497 ,ἡδύς
1432 2410 1678 2471 παιδίον
1723 2409 2010 2489 βαδίζων’
2058 2420 2148 2491 et,
2213 2435 2286 2474 ne
2347 2423 2510 2476 ante-

460 2515 673 2580 cedens
730 2510 914 2600 ιὴδῦς
966 2509 1241 2577 παιδίον’
1298 2519 1371 2576 ab
1433 2518 1757 2594 archetypo
1822 2519 2082 2578 oblatum
2147 2522 2510 2596 superfluum

460 2623 658 2696 fieret,
723 2621 1042 2681 mutavisse
1103 2620 1477 2680 adiectivum.
1570 2620 1794 2680 Tamen
1855 2622 2166 2697 scrupulus
2227 2630 2510 2684 remanet.

459 2724 671 2803 Neque
733 2726 891 2784 enim
951 2723 1350 2799 intellegitur,
1414 2742 1516 2781 cur
1576 2723 1699 2781 red.
1746 2725 1814 2796 b,
1873 2725 1919 2783 si
1967 2744 2109 2784 vero
2153 2727 2512 2803 archetypus

460 2818 643 2903 «ἡδύς
688 2824 954 2885 παιδίον’
1003 2827 1307 2898 offerebat,
1351 2825 1475 2884 hoc'
1513 2844 1588 2882 ex
1639 2829 1685 2882 A
1738 2847 1853 2884 non
1901 2827 2287 2903 suppleverit,
2331 2830 2509 2889 immo

460 2951 678 2990 novum
723 2929 1080 2990 adiectivum
1126 2929 1571 3004 excogitaverit.
1641 2930 1760 2989 Fac
1804 2937 2010 2989 contra
2040 2949 2153 2989 rec.
2186 2932 2241 3004 b,
2275 2933 2508 3013 qualem

458 3040 748 3106 tenemus,
793 3034 1177 3111 archetypum
1226 3033 1605 3108 expressisse,
1654 3032 2039 3092 Laurentiani
2080 3042 2276 3093 autem
2308 3043 2508 3095 aucto-

457 3154 579 3193 rem
641 3137 983 3208 resecuisse,
1045 3135 1352 3207 mirabere,
1412 3136 1568 3193 hunc
1631 3155 1751 3193 non
1798 3127 2061 3215 (εὐφυὴς
2103 3134 2372 3195 παιδίον’
2418 3158 2508 3197 re-

458 3239 722 3311 tinuisse,
785 3259 990 3299 vcrum
1055 3258 1131 3295 ex
1191 3237 1527 3314 insequenti
1589 3238 1862 3313 exemplo
1909 3239 2257 3297 attributum
2304 3230 2506 3321 “56239'

453 3341 720 3417 recipere
766 3341 1039 3399 maluisse
1082 3338 1331 3418 reliquis
1375 3339 1681 3415 neglectis.
1750 3339 1944 3403 Quare
1975 3342 2135 3400 hunc
2165 3341 2356 3401 locum
2389 3364 2508 3402 non

455 3442 686 3521 liquere
730 3444 1033 3504 concedes.

628 3544 966 3619 Quaeritur,
1012 3567 1150 3604 num
1182 3565 1298 3606 rec.
1329 3547 1367 3604 b
1415 3567 1447 3605 e
1480 3546 1881 3607 Laurentiano
1916 3546 2182 3606 derivata
2212 3548 2307 3608 sit.
2375 3549 2508 3608 Hoc

456 3649 862 3724 denegandum
910 3668 1037 3709 esse
1082 3650 1271 3722 docet,
1330 3662 1397 3709 ut
1454 3652 1525 3708 de
1572 3651 1703 3708 aliis
1748 3657 1991 3723 taceam,
2039 3649 2505 3711 luculentissime

456 3753 792 3829 exemplum
839 3773 870 3811 e
919 3753 1205 3828 Gregorio
1252 3753 1393 3811 Naz.
1442 3762 1740 3830 sumptum
1806 3752 1874 3831 (s.
1919 3755 2135 3812 schem.
2183 3749 2508 3832 ἕτερογενές·

455 3876 514 3930 p.
554 3857 673 3934 12).
759 3857 943 3915 Recte
1004 3856 1161 3914 enim
1206 3856 1244 3913 b
1307 3856 1453 3914 hacc
1516 3856 1695 3914 habet
1748 3847 1900 3932 παρ’
1946 3851 2158 3913 ἑαυτοῦ
2206 3851 2268 3914 δὲ
2315 3852 2507 3933 πνοὴν

456 3955 654 4028 ἐνθεὶς
697 3951 733 4017 ὃ
777 3952 851 4035 δὴ
896 3952 1109 4036 νοεροὶν
1152 3951 1356 4034 ψυχήν
1400 3949 1560 4017 οἶδεν
1611 3950 1648 4016 ὁ
1691 3952 1866 4037 λόγος
1916 3963 1977 4017 et
2039 3978 2169 4017 cum
2234 3961 2501 4035 Gregorii

453 4063 755 4122 codicibus
801 4062 1204 4139 conspirantia
1248 4064 1423 4122 etad
1471 4063 1827 4121 sententiam
1873 4063 2326 4135 accommodata,
2372 4082 2503 4139 per-

2055 4171 2092 4225 2
