3234 4950
1520 385 1943 449 -28—
2689 386 2763 455 12

696 556 778 634 (p.
827 563 927 630 48,
980 559 1043 636 9)
1105 561 1180 618 ab
1234 577 1350 617 rec.
1398 560 1442 616 B
1505 559 1769 618 nondum
1837 577 1969 616 cum
2026 557 2277 637 reliquis
2339 556 2563 616 Atticis
2624 578 2762 616 con-

698 660 969 720 iunctum
1017 660 1119 739 (cf.
1165 683 1222 739 p.
1271 663 1335 738 4)
1379 662 1511 721 loco
1558 669 1833 721 moveret
1892 659 2229 738 ceterisque
2289 659 2570 732 adiceret,
2635 660 2761 718 cod.

702 768 901 822 autem
947 784 985 840 p
1032 768 1094 823 et
1140 774 1164 821 t
1207 764 1458 839 figuram
1505 764 1673 823 illam
1718 764 2005 824 intactam
2046 764 2181 821 loco
2228 784 2335 822 suo
2380 764 2645 822 tradunt.

883 867 1107 926 Contra
1149 868 1181 926 f
1221 887 1294 925 ex
1340 873 1555 926 neutro
1600 869 1815 927 horum
1860 888 1998 928 mss.
2045 868 2108 944 (p
2150 867 2198 941 t)
2256 865 2546 939 manavit,
2606 867 2765 945 quod

703 988 1133 1048 nonnunquam
1181 971 1574 1049 archetypum
1617 970 1857 1029 fidelius
1904 968 2231 1049 exprimit:

1177 1072 1200 1116 f
1945 1077 1964 1117 t

696 1173 726 1216 p
765 1160 846 1214 54,
872 1161 930 1204 11
972 1149 1082 1206 οἷντὶ
1118 1155 1206 1206 τοῦ
1245 1152 1456 1206 ἐλθόντα
1757 1088 1992 1213 ἐλὲὁνῗῐος

701 1258 747 1302 p.
770 1246 850 1300 50,
874 1246 902 1290 5
974 1237 1067 1299 τὰς
1101 1237 1318 1298 δεούσας
1757 1237 1850 1298 τὰς
1884 1240 2047 1304 δέμας

700 1344 745 1387 p.
773 1331 851 1385 12,
874 1331 936 1375 27
976 1326 1116 1391 λέγον
1759 1318 1903 1390 λόγον

698 1453 892 1512 neque
953 1432 1149 1492 scriba
1209 1433 1237 1489 f
1294 1431 1655 1490 coniecturis
1715 1430 1983 1489 indulsit.
2090 1433 2244 1488 Nam
2306 1430 2356 1489 si
2402 1452 2549 1491 vero
2594 1438 2757 1490 recte

702 1538 1082 1595 observasset
1140 1556 1171 1593 e
1236 1534 1460 1608 figurae
1533 1536 1669 1608 lege
1742 1526 2031 1611 “euadat”
2100 1534 2359 1611 positum
2438 1555 2566 1592 esse
2631 1526 2761 1590 ἀντὶ

701 1638 809 1693 τοῦ
857 1630 1133 1706 ἐλθόντα,
1198 1638 1377 1715 paulo
1437 1643 1573 1711 post
1632 1636 1706 1695 de
1750 1636 2002 1696 Homeri
2063 1637 2195 1695 loco
2248 1637 2295 1693 Z
2346 1641 2500 1694 510:
2565 1633 2663 1693 καὶ
2707 1637 2759 1692 ὸ’

704 1730 994 1816 ἀγλαΐηφι
1038 1732 1354 1806 πεποιθώς
1399 1736 1591 1811 ῥίμφα
1638 1734 1665 1795 ἓ
1708 1739 1895 1815 γοῦνα
1941 1736 2104 1814 φέρει
2169 1739 2369 1798 dicere
2416 1759 2536 1797 non
2583 1739 2759 1798 debe-

698 1845 801 1900 bat
847 1836 1255 1924 “nenotssw'ffl
1306 1836 1440 1898 ἀντὶ
1486 1842 1594 1898 τοῦ
1642 1834 2016 1909 πεποιθότας
2063 1848 2415 1918 usurpatum
2463 1832 2590 1899 ess'e
2636 1841 2759 1917 (πε-

709 1936 1006 2012 ποιθότος
1052 1954 1077 2002 t
1122 1936 1458 2002 πεποιθότα
1504 1944 1588 2020 p).

876 2063 1085 2128 Qualis
1129 2064 1318 2139 igitur
1347 2063 1503 2123 ratio
1549 2063 1708 2122 inter
1752 2085 1795 2169 p
1838 2068 1899 2123 et
1944 2069 1970 2122 t
2012 2061 2380 2122 intercedit?
2470 2065 2586 2122 Eos
2632 2083 2759 2122 arc-

702 2165 859 2225 tiore
905 2166 1147 2226 vinculo
1196 2167 1544 2227 coniunctos
1592 2186 1721 2225 esse
1765 2173 2014 2225 monent
2057 2167 2174 2225 duo
2220 2166 2375 2225 vitia
2421 2165 2757 2242 conspicua,

700 2288 853 2348 quae
896 2269 961 2327 in
1009 2270 1369 2329 conferendo
1417 2270 1445 2326 f
1486 2289 1616 2328 cum
1665 2290 1703 2346 p
1728 2275 1755 2327 t
1799 2269 2118 2344 postremis
2162 2269 2310 2327 locis
2369 2270 2540 2328 modo
2605 2290 2758 2328 com-

698 2371 1181 2432 memoravimus.
1273 2374 1390 2432 Sed
1433 2377 1715 2431 neutrum
1764 2394 1842 2431 ex
1893 2373 2086 2431 altero
2131 2371 2381 2430 fluxisse
2426 2371 2757 2449 probabile.

699 2476 1022 2535 Nonnullis
1088 2476 1246 2536 enim
1312 2477 1455 2535 locis
1518 2483 1544 2534 t
1608 2476 2072 2552 praestantiores
2134 2476 2425 2534 lectiones
2494 2477 2759 2550 praebet,

698 2597 852 2657 quae
894 2579 1129 2640 'scribae
1174 2578 1418 2653 ingenio
1466 2579 1714 2637 minime
1761 2582 2054 2639 debentur
2070 2600 2083 2648 ;
2144 2599 2278 2636 nam
2339 2579 2502 2636 hunc
2561 2598 2759 2638 socor-

699 2682 830 2741 dem
864 2686 1044 2760 atque
1076 2683 1517 2740 somnolentum
1561 2681 1865 2740 hominem
1897 2681 2111 2755 ingens
2144 2679 2432 2740 vitiorum
2477 2701 2759 2739 numerus

699 2785 916 2843 clamat
961 2789 1021 2843 et
1067 2787 1258 2844 bonae
1303 2784 1444 2843 illae
1494 2784 1827 2861 scripturae
1889 2804 2092 2842 omnes
2148 2784 2328 2842 etiam
2372 2783 2437 2842 in
2483 2785 2515 2842 f
2553 2803 2755 2842 occur-

698 2892 861 2959 runt,
907 2888 1067 2946 unde
1113 2889 1510 2964 archetypum
1559 2906 1659 2945 eos
1707 2886 2056 2946 exhibuisse
2104 2885 2395 2965 sequitur.

701 2990 812 3048 His
857 2989 1008 3049 locis
1096 3012 1116 3052 t
1150 3013 1199 3052 et
1237 3007 1259 3051 f
1508 2994 1817 3066 praestant
1861 2990 2047 3047 codici
2093 3020 2153 3064 p:

701 3112 747 3155 p.
766 3099 846 3153 52,
869 3100 897 3144 2
971 3094 1291 3159 λοιδοροῦμαι
1757 3094 2079 3158 λοιδορεῦμαι

697 3197 743 3241 p.
765 3185 849 3241 42,
870 3185 932 3229 19
970 3184 1075 3237 τοῖς
1112 3177 1531 3242 συντασσομένοις
1756 3185 1861 3237 τοῖς
1896 3178 2303 3243 συντασσόμενος

697 3283 743 3327 p.
765 3270 847 3324 48,
869 3271 898 3314 2
971 3264 1046 3332 τῷ
1084 3263 1173 3329 μὲν
1210 3263 1369 3329 κυρίῳ
1755 3267 1858 3316 τῶν
1894 3263 1982 3329 μὲν
2020 3264 2178 3331 κυρίῳ

698 3367 745 3411 p.
769 3354 849 3407 54.
873 3356 901 3400 6
973 3344 1264 3417 ’Δργολικόν
1754 3344 2111 3415 Ἀργολογικόν

696 3453 744 3499 p.
771 3440 852 3497 53,
879 3440 940 3485 18
978 3438 1177 3487 κλεῖσαι
1757 3435 1945 3487 κλείσω

698 3539 745 3584 p.
768 3528 847 3580 12,
871 3526 935 3571 13
973 3515 1049 3572 ἐπ’
1088 3518 1278 3572 ἐκείνου
1757 3515 1833 3572 ἐπ’
1872 3519 2092 3579 ἐκείνους

871 3627 1087 3686 Peiora
1141 3626 1352 3686 insunt
1407 3626 1471 3684 in
1535 3634 1559 3685 t
1616 3629 1767 3687 haec
1827 3629 2005 3706 (quae
2055 3627 2273 3703 partim
2335 3627 2398 3685 in
2442 3628 2474 3685 f
2525 3647 2761 3707 quoque

695 3730 1123 3806 inveniuntur)
1142 3751 1157 3789 z

1190 3836 1210 3877 ἶ
1897 3847 1928 3891 Ρ

734 3920 784 3976 1)
820 3932 869 3976 p.
895 3918 975 3973 33,
1014 3920 1037 3963 1
1113 3912 1494 3979 σολοικοφῶνων
1759 3914 2131 3981 σολοικοφανῶν

734 4001 784 4063 2)
821 4019 870 4065 p.
901 4005 980 4059 34,
1011 4006 1069 4049 11
1111 3996 1237 4052 αὐτὰ
1280 3999 1368 4051 καὶ
1758 3996 1917 4058 αὐτὸς

734 4091 786 4149 3)
825 4104 871 4150 p.
900 4090 981 4147 34,
1012 4091 1072 4135 13
1112 4086 1329 4151 εἴδωμεν
1758 4087 1957 4151 εἴδομεν
