3234 4950
543 337 630 398 1V
1360 336 1787 403 —77-...

543 509 704 587 ῥῆμα
737 507 920 570 εἴωθέ
965 532 1105 570 ποτε
1150 505 1215 570 τό
1249 509 1449 589 ἕτερον
1495 507 1793 592 προτάξας
1832 506 2045 589 ὄνομα,
2080 507 2294 589 μεταξυ
2327 508 2588 574 τάσσειν·

546 601 692 697 αῇχι
738 607 884 690 ῥοάς
930 608 1174 688 Σιμόεις
1220 609 1618 691 συμβάλλετον
1672 608 1776 692 ἠδὲ
1823 610 2265 695 Σκάμανδρος”
2313 619 2398 695 (Ε
2444 617 2610 692 774)

544 716 642 775 καὶ
693 715 899 797 ίιἔνθα
944 713 1048 792 μὲν
1096 715 1177 786 εἰς
1220 711 1529 795 Ἀχέροντα
1586 717 2055 798 Πυριφλεγέθων
2100 740 2157 778 τε
2203 717 2405 796 ῥέουσι
2456 714 2588 778 Κώ-

543 817 723 888 κυτός
766 819 871 877 τε”
919 820 978 897 (κ
1027 822 1194 880 5135.
1271 818 1371 878 καὶ
1435 815 1631 904 τούτῳ
1692 816 2089 882 πεπλεόνακεν
2146 814 2432 900 Ἀλκμάν·
2496 816 2588 881 διό

544 921 638 979 καὶ
687 915 1074 997 Ἀλκμανικόν
1121 925 1394 996 καλεῖται,
1461 916 1568 1000 οὐχ
1628 917 1720 983 ὅτι
1780 927 2011 1003 πρῶτος
2070 920 2233 1007 αὐτῷ
2291 920 2589 1003 ἐχρήσατο.

840 1025 897 1102 c)
944 1027 1101 1085 Hinc
1160 1026 1485 1086 Aristonici
1570 1027 1804 1086 videtur
1866 1047 1993 1086 esse
2056 1028 2237 1087 schol.
2302 1029 2361 1105 (κ
2411 1031 2589 1103 513):

951 1126 1104 1188 ἔνθα
1167 1124 1271 1205 μὲν
1333 1127 1417 1198 εἰς
1453 1124 1771 1208 Ἀχέροντα
1841 1127 2311 1210 Πυριφλεγέθων
2372 1150 2431 1188 τε
2497 1128 2592 1206 ῥέ-

2370 1250 2504 1292 ουσι

1038 1329 1328 1406 Κοόκυτός
1372 1357 1447 1395 τε.

709 1439 888 1497 schol.
939 1440 998 1497 H
1032 1438 1119 1502 Q:
1188 1433 1278 1516 (τό
1327 1435 1461 1515 ἑξῆς
1523 1436 1709 1519 ίἔνθα
1760 1434 1865 1514 μὲν
1911 1436 1995 1508 εἰς
2031 1433 2346 1517 Ἀχέροντα
2398 1441 2587 1517 Πυρι-

544 1536 854 1618 φλεγέθων
918 1561 975 1598 τε
1037 1539 1135 1600 καὶ
1189 1536 1478 1612 Κώκυτος
1523 1539 1773 1619 ρέουσι’.
1843 1536 1905 1601 τό
1972 1537 2035 1600 δὲ
2087 1544 2278 1618 σχῆμα
2333 1545 2590 1601 καλεῖται

540 1640 1079 1722 προδιεζευγμένον,
1128 1639 1270 1703 ὅταν
1301 1641 1433 1727 [τό]
1465 1639 1680 1719 μεταξῦ
1713 1639 1823 1703 δύο
1857 1637 2167 1719 ὀνομάτων
2205 1641 2417 1703 ἑνικῶν
2448 1648 2589 1721 πλη-

542 1739 830 1804 θυντικόν
878 1749 1028 1830 τεθῇ
1071 1745 1275 1825 ῥῆμα.)
1337 1751 1511 1807 τοῦτο
1571 1749 1827 1806 καλεῖται
1871 1743 2284 1823 Ἀλκμανικόν,
2348 1739 2453 1824 οὐχ
2497 1741 2589 1807 ὅτι

536 1841 789 1924 Ἀλκμάν
849 1852 1083 1928 πρῶτος
1143 1844 1300 1933 αὐτῷ
1356 1846 1659 1929 ἐχρήσατο,
1726 1843 1853 1908 ἄλλ’
1898 1844 1990 1910 ὅτι
2052 1846 2204 1910 πολύ
2261 1847 2378 1910 ἔστι
2426 1847 2577 1929 παρ’

538 1944 718 2031 αὐτῷ,
764 1943 894 2011 οἷον
941 2006 971 2033 aa
990 1948 1242 2033 Κάστωρ
1291 1947 1492 2014 οἰκέων
1543 1948 1756 2014 πώλων
1801 1952 2073 2033 ἐλατῆρες
2121 1942 2222 2012 καὶ
2281 1949 2584 2012 Πολυδεύ-

537 2054 689 2129 κης”
738 2056 836 2134 (fr.
870 2062 904 2113 9
955 2059 1152 2132 Bergk
1179 2056 1257 2134 4).
1348 2050 1560 2131 ὅμοιον
1622 2053 1687 2115 δέ
1732 2054 1852 2115 ἔστι
1910 2050 1976 2114 τό
2025 2058 2218 2132 σχῆμα
2265 2054 2368 2136 αεῖ
2410 2053 2475 2114 δέ
2524 2050 2585 2114 κ’

545 2150 731 2234 ’Ἁρης
775 2151 993 2235 άρχωσι
1038 2154 1225 2236 μάχης
1263 2154 1303 2236 ἢ
1339 2158 1567 2235 Φοῖβος
1590 2154 1897 2217 Ἀπόλλων
1914 2157 1944 2185 ”
1975 2158 2223 2237 (Τ138)
2254 2155 2355 2216 καὶ
2390 2155 2587 2238 αὲνθα

538 2254 685 2335 ῥοάς
730 2256 974 2337 Σιμόεις
1019 2257 1414 2337 συμβάλλετον
1461 2256 1565 2338 ἥδέ
1611 2256 2052 2339 Σκάμανδρος”
2103 2261 2186 2339 (Ε
2234 2262 2401 2340 774).

838 2365 898 2439 d)
944 2366 1128 2425 schol.
1175 2366 1344 2425 Pind.
1392 2367 1566 2444 Pyth.
1597 2366 1689 2426 IV
1737 2370 1875 2437 318,
1925 2365 2202 2443 quoniam
2251 2385 2384 2423 cum
2420 2373 2583 2424 ante-

536 2467 880 2527 cedentibus
941 2469 1202 2529 concinit
1276 2476 1336 2529 et
1398 2471 1458 2527 in
1520 2468 1760 2528 scholiis
1820 2467 2149 2527 Pindaricis
2209 2467 2395 2527 multa
2454 2469 2585 2527 Ari-

536 2572 805 2629 starchea
847 2572 1040 2631 inesse
1087 2578 1334 2646 constat,
1382 2593 1486 2631 suo
1533 2574 1662 2631 iure
1707 2571 1845 2631 huic
1890 2571 2101 2631 tribuit
2146 2572 2316 2630 Horu
2342 2569 2417 2647 1).

710 2675 909 2735 Pind.:
946 2670 1140 2750 πέμπε
1186 2669 1248 2732 δ’
1277 2666 1497 2752 Ἑρμᾶς
1541 2667 1906 2752 χρυσόραπις
1952 2666 2242 2749 διδύμους
2288 2666 2460 2741 υἱούς
2495 2666 2582 2731 ἐπ’

1961 2771 2215 2854 ἄτρυτον
2261 2768 2497 2844 πόντον,

945 2876 1048 2940 τόν
1079 2877 1184 2957 μὲν
1209 2877 1470 2958 Ἐχίονα,
1504 2875 1896 2957 κεχλάδοντας
1923 2874 2068 2962 ἥβᾳ,
2101 2872 2201 2937 τόν
2233 2871 2585 2957 δ”Έρυτον.

707 2985 922 3044 schol.:
956 3030 970 3045 .
1006 3030 1018 3042 .
1054 3029 1064 3042 .
1101 3028 1113 3042 .
1161 2987 1242 3066 τῷ
1301 2981 1363 3044 δὲ
1421 2979 1670 3062 σχήματι
1724 2984 1830 3059 τῆς
1889 2979 2197 3061 ἑρμηνείας
2255 2974 2587 3049 πλειστάκις

542 3080 801 3163 Ἀλκμάν
848 3084 1138 3168 κέχρηται.
1204 3081 1354 3147 ἐπάν
1399 3082 1510 3167 γάρ
1557 3084 1690 3166 περὶ
1738 3085 1912 3144 δυοῖν
1957 3087 2199 3161 ποιῆται
2244 3078 2346 3142 τόν
2390 3077 2584 3162 λόγον,

536 3184 598 3248 τό
647 3187 875 3270 ἕτερον’
913 3184 1099 3267 ὄνομα
1157 3188 1412 3270 προθεὶς
1473 3187 1609 3268 περὶ
1671 3182 1900 3264 άμφοῐν
1945 3192 2196 3247 ποιεῖται
2244 3180 2347 3247 τόν
2390 3180 2583 3264 λόγον,

537 3286 659 3351 εἶτα
705 3287 860 3353 οὕτω
906 3288 970 3353 τό
1017 3292 1215 3373 ἕτερον
1257 3291 1800 3372 προσαποδίδωσιν,
1850 3283 1980 3350 οἷον
2026 3344 2056 3372 u
2081 3283 2332 3367 Κάστωρ
2366 3285 2429 3347 δὲ
2462 3283 2585 3345 ποό-

537 3400 655 3456 λων
697 3395 916 3474 ταχέων
948 3396 1237 3474 δμητῆρες
1269 3392 1517 3456 ἱππόται
1548 3392 1726 3469 σοφοὶ
1762 3393 1858 3454 καὶ
1899 3388 2288 3469 Πολυδεύκης
2318 3387 2582 3471 κυδρός”

537 3502 633 3575 (fr.
666 3506 702 3559 9
750 3500 1004 3578 ng.4),
1055 3496 1151 3558 καὶ
1183 3495 1462 3579 ’Όμηρος
1508 3486 1652 3582 αῇχε
1700 3492 1847 3577 ῥοάς
1893 3492 2140 3573 Σιμόεις
2185 3489 2582 3572 συμβάλλετον

536 3595 640 3678 ἠδὲ
687 3598 1133 3681 Σκάμανδρος”
1183 3603 1267 3680 (Ε
1315 3602 1480 3680 774).

708 3706 771 3782 3)
819 3707 1009 3766 Etiam
1070 3706 1309 3765 Pindari
1375 3706 1795 3783 proprietatem
1856 3725 1989 3763 cum
2036 3703 2410 3763 substantivo
2458 3702 2583 3760 sive

535 3811 843 3869 masculini
902 3811 1028 3870 sive
1086 3810 1355 3868 feminini
1410 3810 1643 3885 generis
1688 3807 1999 3884 pluraliter
2042 3807 2291 3866 formato
2338 3806 2581 3864 coniun-

674 4041 725 4100 1)
764 4038 823 4084 de
858 4035 1131 4083 Aristarchi
1169 4033 1350 4084 studiis
1383 4032 1687 4090 Pindaricis,
1744 4030 2169 4094 Gryphiswaldiae
2209 4030 2369 4088 1883,
2415 4043 2459 4088 p.
2499 4028 2579 4074 46.
