3234 4950
515 374 591 445 Ι,
1336 370 1757 435 —25—

1000 544 1039 589 F
1712 543 1785 590 La

521 662 567 706 p.
606 650 690 704 4⁷,
729 651 787 694 17
826 641 1084 697 ἀπώλοντο
1572 639 1837 697 οἷπόλωντο

521 748 567 793 p.
606 734 690 790 49,
730 735 789 780 19
813 724 1057 796 ’Όμηρος
1573 724 1776 795 ἅμηρος

522 834 566 877 p.
607 820 689 875 51,
727 822 754 866 7
827 814 882 868 τὸ
922 812 997 880 μή
1038 813 1165 882 μετὰ
1206 814 1427 881 μέλλοντ.
1575 811 1705 879 μετὰ
1744 816 1820 862 bis
1857 831 1950 864 scr.

521 919 566 964 p.
609 907 690 961 52,
732 907 789 952 11
831 901 1044 966 δοτικῆς
1571 898 1778 966 γενικῆς
1845 900 2047 966 (poster.
2126 910 2272 964 temp.
2343 916 2452 949 corr
2523 902 2571 947 iu

1712 983 1944 1049 δοτικῆς)

522 1092 566 1135 p.
606 1077 689 1131 53,
726 1079 753 1123 2
826 1073 1005 1140 δοτικῇ
1575 1072 1756 1140 γενικῇ

696 1181 788 1238 Ex
844 1177 942 1236 his
1000 1179 1117 1237 duo
1178 1177 1296 1237 loci
1358 1177 1837 1238 luculentissime
1897 1180 2313 1239 demonstrant
2367 1180 2415 1237 F
2476 1199 2576 1254 ge-

524 1282 709 1342 nuina
754 1301 1026 1342 servasse
1071 1301 1266 1362 neque
1327 1280 1688 1342 coniecturis
1745 1281 2126 1362 inquinatum
2188 1303 2347 1342 esse:
2410 1281 2578 1359 prior

525 1407 570 1445 ε.
603 1387 702 1460 fig.
736 1384 941 1444 Ionica
971 1388 1053 1462 (p.
1088 1392 1186 1450 40.
1232 1384 1326 1462 13)
1357 1384 1689 1457 invenitur,
1724 1386 1825 1445 ubi
1866 1390 2004 1463 post
2037 1384 2318 1445 Homeri:
2371 1385 2579 1461 Τρῶας

526 1483 591 1545 δὲ
624 1489 820 1563 στίχας
852 1474 1222 1564 οὖλος’Ἀρης
1253 1479 1475 1561 ὤτρυνε
1505 1480 1807 1562 μετελθών
1838 1488 1922 1566 (Ε
1945 1487 2096 1564 461)
2128 1493 2407 1547 secuntur
2436 1487 2500 1545 in
2531 1487 2578 1543 F

524 1585 630 1659 τοὶς
662 1590 876 1666 στίχας,
911 1610 1064 1670 quae
1094 1590 1157 1648 in
1192 1591 1279 1650 La
1306 1598 1531 1650 recent.
1563 1611 1641 1648 m.
1675 1590 1922 1650 addidit.
2001 1591 2167 1649 Haec
2198 1589 2355 1649 enim
2392 1591 2581 1649 verba

528 1702 668 1752 sunt
711 1692 1005 1773 reliquiae
1051 1692 1280 1754 veteris
1324 1692 1749 1770 explicationis
1795 1686 1900 1761 ταὶς
1944 1693 2138 1768 στίχας
2184 1693 2301 1750 τῶν
2342 1688 2578 1769 Τρώων,

528 1816 646 1874 qua
719 1817 897 1872 aegre
972 1815 1258 1856 caremuS.
1363 1797 1548 1857 Porro
1625 1799 1734 1856 sub
1810 1797 2028 1856 schem.
2097 1786 2321 1854 Ῥόδιον
2393 1797 2581 1855 verba

530 1900 740 1982 δοτικῇ
823 1891 1037 1957 πτώσει
1127 1900 1210 1978 (p.
1261 1904 1375 1971 53,
1422 1898 1484 1976 2)
1560 1902 1780 1975 proba,
1874 1899 1976 1958 sed
2064 1917 2318 1977 sequens
2386 1915 2579 1956 exem-

526 2002 691 2077 plum
754 1995 1035 2083 ικάλεσον
1098 2003 1205 2059 τοῦ
1251 1994 1622 2077 ἆνθρώπου’
1667 2003 2061 2079 depravatum
2109 2020 2238 2062 esse
2305 2000 2504 2059 elucet
2548 2019 2580 2057 e

524 2124 644 2163 rec.
691 2104 759 2163 B.
847 2102 1008 2168 Quid
1051 2109 1250 2163 autem
1284 2102 1430 2162 fecit
1474 2104 1787 2164 Lascaris?
1875 2104 2224 2181 Respiciens
2269 2102 2583 2181 sequentia

527 2207 664 2288 ‘tofi
710 2199 1079 2282 ἆνθρώπου’
1139 2206 1406 2265 mutavit
1450 2206 1658 2287 δοτικῇ
1708 2202 1927 2264 πτώσει
1969 2207 2032 2265 in
2098 2207 2298 2287 γενικῇ
2347 2198 2581 2263 πταίσει.

526 2309 645 2369 Vix
689 2308 878 2385 igitur
922 2330 1071 2387 opus
1118 2319 1210 2369 est
1252 2308 1401 2368 alios
1445 2309 1610 2369 locos
1657 2309 1888 2382 afferre,
1935 2308 2039 2368 ubi
2086 2329 2193 2368 cur
2236 2307 2505 2367 Laenatis
2550 2329 2586 2366 a

529 2411 751 2471 tradita
782 2411 1079 2491 scriptura
1109 2411 1482 2472 aberraverit
1526 2411 1788 2492 perspici
1826 2432 2001 2492 posse
2046 2417 2341 2491 putamus,
2384 2416 2582 2470 tamen

532 2535 960 2576 commemoro:

531 2640 587 2695 p.
636 2625 734 2690 49,
790 2624 861 2677 10
922 2611 1359 2696 Περιηγητικόν
1401 2618 1466 2677 in
1515 2611 2031 2696 Περιηγηματικόν
2078 2615 2447 2678 convertisse
2493 2616 2583 2676 vi-

915 2722 1108 2793 detur,
1156 2725 1224 2779 ut
1267 2721 1602 2799 prohoemii
1635 2724 1884 2781 verbum
1933 2712 2449 2798 Περιηγηματικόν
2491 2739 2585 2779 re-

920 2829 1180 2902 peteret3

536 2949 592 3006 p.
644 2931 744 3000 36,
795 2931 869 2984 16
923 2922 1005 2995 εἰς
1048 2919 1156 3002 τὴν
1201 2924 1454 3003 πατρίδα
1498 2926 1562 2985 in
1609 2924 1691 2995 εἰς
1737 2923 2011 3002 πατρίδα,
2071 2931 2142 2985 ut
2185 2924 2588 2986 antecedenti-

918 3032 1029 3089 bus
1074 3021 1235 3109 “miv
1281 3028 1519 3106 πατρίδι
1565 3025 1722 3104 ἕβη”
1767 3029 2254 3088 accommodaret.

535 3135 631 3191 Ex
681 3132 778 3191 his
824 3130 1106 3192 Lascarin
1152 3131 1292 3190 illos
1340 3136 1464 3192 tres
1522 3133 1689 3191 locos
1747 3131 1945 3209 ipsum
1993 3131 2338 3191 emendasse
2385 3135 2446 3189 et
2491 3150 2586 3189 co-

535 3235 728 3295 dicem
765 3236 832 3308 F,
880 3253 1221 3313 quanquam
1269 3233 1473 3312 paucis
1520 3233 1668 3293 locis
1723 3233 2078 3304 emendavit,
2125 3234 2189 3293 in
2238 3232 2587 3292 universum

536 3358 745 3415 parum
795 3340 1071 3397 accurate
1100 3336 1486 3414 descripsisse
1529 3356 1664 3396 mea
1695 3335 1935 3415 quidem
1975 3336 2276 3396 sententia
2319 3339 2586 3411 apparet.

704 3442 895 3514 Pergo
941 3439 1014 3497 ad
1059 3438 1332 3498 Salmasii
1378 3439 1658 3498 codicem.
1751 3436 1944 3501 Quem
1990 3460 2022 3499 e
2070 3436 2419 3500 Florentino
2473 3437 2587 3498 flu-

534 3543 699 3603 xisse
743 3542 932 3602 multa
984 3546 1126 3600 sunt
1185 3550 1555 3616 argumenta.
1664 3540 1932 3600 Primum
1993 3540 2300 3617 conspirat
2360 3560 2492 3600 cum
2540 3541 2587 3597 F

536 3645 731 3725 iisque
772 3644 922 3722 ipsis
968 3644 1132 3717 locis,
1179 3642 1396 3723 quibus
1431 3644 1514 3702 La
1556 3647 1935 3703 aberrantem
1967 3642 2248 3716 vidimus,
2291 3644 2419 3703 fere
2464 3661 2588 3702 om-

536 3748 732 3807 nibus.
822 3745 1056 3806 Deinde
1117 3751 1351 3806 constat
1409 3745 1673 3821 priorem
1737 3745 1956 3807 codicis
2019 3753 2250 3822 partem
2304 3764 2336 3803 e
2380 3764 2588 3803 manu-

539 3851 761 3929 scripto
794 3849 1049 3929 quodam
1083 3848 1432 3908 Florentino
1466 3868 1753 3909 manasse.
1815 3849 1967 3907 Nam
1998 3850 2149 3908 haec
2177 3852 2384 3908 notata
2416 3851 2589 3907 sunt:

539 3974 597 4031 p.
629 3958 739 4012 10:
788 4009 818 4034 ιι
836 3957 1036 4011 cetera
1079 3952 1298 4011 desunt
1341 3950 1405 4009 in
1453 3950 1657 4011 codice
1703 3947 2120 4011 Florentino.''
2182 3972 2239 4028 p.
2268 3957 2380 4010 32:
2430 3951 2592 4033 “hoc

539 4057 698 4135 quod
744 4053 1017 4135 sequitur
1061 4060 1240 4133 caput
1282 4053 1348 4113 in
1396 4076 1505 4115 ms.
1538 4055 1703 4115 Flor.
1733 4054 1993 4131 primum
2042 4055 2352 4115 obtinebat
2395 4054 2592 4114 locum
