3234 4950
470 384 540 455 12
1288 421 1370 429 —
1467 384 1547 449 27
1629 418 1721 452 .—

468 555 791 634 exsoripto.
880 557 1081 617 Etiam
1112 577 1181 617 eo
1228 556 1449 618 codicis
1481 557 1527 613 F
1558 557 1884 618 auctoritas
1930 558 2319 617 confirmatur
2363 559 2521 637 quod

469 658 533 718 in
579 658 823 720 Pindari
870 663 944 719 fr.
991 654 1255 742 “dnjyeto
1288 655 1352 718 δὲ
1394 654 1645 738 σάρκες”
1694 663 1774 736 (p.
1808 663 1909 732 45,
1944 662 2006 732 2)
2052 659 2408 737 particulam
2456 656 2520 717 δέ

468 762 718 822 exhibet
747 782 923 842 quam
943 765 992 821 P
1023 769 1085 823 et
1103 783 1218 823 rec.
1243 764 1292 821 B
1324 764 1673 823 omiserunt.
1721 764 1873 822 Nam
1904 763 2218 823 invenitur
2238 762 2302 821 in
2336 763 2522 822 schol.

469 864 757 925 Philostr.
806 867 1002 943 Apoll.
1034 865 1224 944 Tyan.
1271 885 1328 941 p.
1374 872 1510 940 130,
1559 873 1595 924 9
1642 868 1729 943 (p.
1759 870 1876 924 198
1909 866 2006 940 K.)
2054 885 2131 924 ex
2174 864 2522 925 recensione

466 970 518 1025 A
565 967 780 1027 hausto
827 969 987 1048 quod
1015 970 1298 1042 Arethae,
1343 968 1795 1046 archiepiscopo
1827 967 2209 1028 caesareensi
2252 966 2522 1027 tribuen-

468 1069 610 1128 dum
657 1090 787 1129 esse
830 1075 976 1148 puto
1022 1071 1106 1148 (v.
1152 1071 1313 1130 infra
1348 1071 1508 1150 VII).
1599 1071 1774 1131 Unde
1821 1069 2096 1151 sequitur
2139 1072 2188 1128 F
2233 1090 2356 1128 non
2402 1090 2434 1129 e
2473 1071 2519 1128 P

467 1171 806 1233 derivatum
853 1194 1000 1233 esse.

637 1281 694 1336 2.
762 1276 1208 1358 Nonnunquam
1290 1279 1336 1335 P
1430 1276 1741 1338 meliorem
1826 1275 2185 1355 scripturam
2276 1275 2526 1336 exhibet

764 1398 943 1460 quam
987 1380 1070 1439 F:

943 1483 984 1528 P
1655 1482 1697 1528 F

461 1564 512 1627 a)
548 1579 595 1625 p.
617 1567 747 1622 35‚3
808 1560 1135 1630 ἀντίστροφον
1192 1580 1302 1614 corr
1362 1580 1422 1614 ex
1519 1558 1851 1630 ἀντίστροφος

803 1645 1131 1716 ἀντίστροφος

463 1735 514 1800 b)
552 1752 598 1796 p.
620 1740 705 1796 40,
728 1739 830 1801 18„
846 1731 1171 1801 κασιγνήτοιο
1215 1730 1389 1799 φόνοιο
1404 1735 1432 1756 ”
1518 1739 1597 1787 bis
1635 1753 1731 1786 scr.

804 1816 916 1873 ἀντὶ
949 1822 1038 1873 τοῦ

461 1913 508 1967 e)
547 1923 592 1967 p.
614 1911 699 1965 42,
720 1910 782 1955 19
803 1903 959 1970 ἡμεῖς
995 1906 1202 1972 λέγομεν
1518 1902 1668 1973 ὑμεῖς
1704 1906 1904 1973 λέγεται

460 1995 512 2056 d)
550 1996 697 2053 p-43,
724 1997 745 2039 1
803 1990 1083 2049 Χαλκιδεῖς
1113 1991 1157 2043 οἱ
1182 1989 1231 2043 ἐν
1265 1986 1466 2060 Εὐβοίᾳ
1519 2009 1599 2041 om
1639 1991 1689 2044 ἐν

460 2080 508 2142 e)
545 2096 592 2140 p.
618 2081 703 2137 43,
725 2080 753 2125 δ
805 2074 1035 2141 Μυρίνης
1069 2076 1337 2142 (Μυρίναν)
1520 2077 1785 2143 Μυραίνης
1820 2077 2088 2143 (Μυρίναν)

459 2167 501 2227 s)
538 2181 586 2225 p.
605 2167 690 2223 49,
715 2167 774 2212 10
803 2159 1182 2225 Περιηγητικόν
1519 2162 1609 2215 καὶ
1644 2163 1887 2230 (supet-fl.)
1924 2160 2303 2229 Περιηγητικόν

460 2250 512 2317 g)
552 2267 599 2311 p.
622 2250 787 2306 53,16
809 2245 1052 2305 Σικελίας
1520 2247 1828 2307 Σικελεσίας

464 2336 519 2399 h)
555 2351 604 2397 p.
624 2338 706 2393 54,
727 2338 758 2382 s
810 2323 842 2384 ὃ
1519 2325 1556 2408 ἦ

639 2420 856 2482 Omnia
897 2420 1025 2480 fere
1071 2423 1198 2482 cod.
1232 2423 1280 2482 F
1325 2421 1482 2483 vitia
1525 2443 1643 2483 non
1690 2421 1778 2482 ita
1819 2422 2096 2483 difficilia
2141 2428 2281 2483 sunt
2324 2443 2523 2484 emen-

469 2529 613 2587 datu
660 2561 740 2568 -—--
787 2543 1005 2584 revera
1049 2525 1395 2586 emendavit
1424 2526 1701 2586 Lascaris
1747 2526 1811 2603 b)
1854 2524 1910 2603 e)
1951 2526 2014 2602 g)
2066 2561 2141 2569 —
2190 2531 2260 2585 ut
2303 2526 2525 2586 codicis

466 2631 514 2689 P
560 2632 864 2688 auctorem
910 2647 980 2685 ea
1011 2626 1343 2689 correxisse
1379 2628 1631 2705 cogitari
1666 2629 1875 2708 possit.
1967 2628 2177 2708 Neque
2220 2628 2377 2688 illud
2421 2624 2524 2686 καὶ

469 2752 500 2792 e
547 2730 751 2809 probis
801 2729 847 2786 F
895 2728 1209 2807 scripturis
1269 2731 1464 2810 primo
1523 2734 1656 2791 loco
1711 2736 1983 2790 notatum
2046 2733 2261 2791 obstat.
2371 2732 2523 2790 Nam

467 2835 625 2914 quod
669 2854 703 2891 a
746 2834 794 2892 P
839 2832 990 2907 baec
1032 2852 1156 2892 vox
1201 2834 1436 2908 omissa,
1497 2834 1561 2894 in
1606 2836 1656 2892 F
1702 2842 1901 2893 autem
1954 2837 2029 2894 ab
2076 2835 2279 2893 eadem
2341 2855 2524 2893 manu

467 2941 676 3015 postea
735 2934 936 2995 addita
992 2941 1101 3005 est,
1163 2934 1357 3013 primo
1419 2946 1742 3012 conspectu
1802 2937 2033 2996 codices
2095 2956 2237 2995 sane
2285 2956 2317 2995 e
2368 2956 2523 2996 oom-

469 3039 634 3099 muni
679 3038 1032 3115 archetypo,
1077 3036 1179 3116 qui
1210 3058 1358 3098 voce
1402 3033 1501 3094 καὶ
1550 3041 1809 3112 carebat,
1854 3037 2113 3098 derivati
2144 3037 2344 3099 videri
2387 3057 2523 3113 pos-

471 3148 626 3202 sunt.
717 3139 943 3198 Tamen
988 3139 1304 3220 quaerenti
1347 3138 1498 3198 mihi
1541 3141 1945 3201 Hausrathius
1991 3139 2307 3218 respoudit
2349 3159 2523 3200 voca-

474 3245 679 3304 bulum
742 3238 839 3300 καὶ
900 3241 989 3301 ita
1047 3241 1316 3301 additum
1380 3261 1539 3315 esse,
1604 3249 1675 3303 ut
1729 3242 1906 3303 facile
1968 3243 2252 3303 lectorem
2313 3243 2522 3317 fugiat.

471 3344 758 3410 Quaestio
823 3344 1040 3419 igitur,
1104 3364 1249 3404 num
1315 3343 1578 3404 Parisini
1642 3346 1838 3406 scriba
1898 3346 2320 3407 Florentinum
2385 3352 2524 3405 ante

470 3449 673 3509 oculos
719 3445 1017 3519 habuerit,
1063 3448 1243 3526 plane
1289 3447 1429 3507 inde
1474 3449 1716 3526 pendet,
1761 3469 1904 3508 num
1935 3448 2090 3509 vitia
2135 3450 2259 3509 cod.
2294 3449 2343 3505 F
2390 3468 2521 3507 eum

469 3550 782 3611 sustulisse
799 3548 1110 3628 probabile
1130 3550 1328 3610 ducas.
1359 3550 1655 3629 Equidem
1674 3551 1818 3611 huic
1834 3550 2168 3611 sententiae
2187 3553 2383 3611 faveo.
2408 3551 2525 3610 Sed

467 3674 544 3713 ne
574 3653 850 3713 incautus
882 3651 1213 3725 existimer,
1245 3651 1428 3712 etiam
1453 3651 1718 3712 Parisini
1736 3653 2028 3714 lectiones
2053 3654 2252 3713 textui
2275 3652 2521 3713 subieci.

641 3754 946 3835 Sequitur,
1007 3761 1077 3815 ut
1118 3756 1192 3814 de
1237 3753 1607 3815 recensionis
1657 3758 1693 3815 b
1742 3776 1879 3815 mss.
1928 3774 2239 3833 exponam.
2331 3753 2524 3814 Facil-

467 3859 613 3919 lime
679 3877 875 3938 neque
921 3858 1048 3919 cod.
1095 3878 1131 3934 p
1179 3876 1377 3936 neque
1422 3862 1449 3916 t
1494 3878 1569 3917 ex
1613 3859 1645 3917 f
1698 3858 2004 3919 derivatos
2053 3878 2182 3918 esse
2232 3858 2523 3933 arguitur.

472 3964 698 4022 Auctor
758 3960 917 4019 enim
980 3962 1104 4021 cod.
1158 3961 1186 4018 f
1239 3962 1437 4020 denuo
1498 3961 1823 4036 figurarum
1883 3960 2154 4022 ordinem
2214 3961 2523 4040 paululum

470 4064 756 4138 mutavit,
822 4083 956 4125 cum
1021 4084 1090 4123 eo
1156 4065 1534 4145 procederet,
1597 4070 1667 4124 ut
1729 4063 1885 4128 illud
1951 4066 2191 4129 schema
2252 4064 2522 4131 Atticum

1422 2126 1462 2170 0
