3234 4950
1442 411 1521 422 ..
1615 372 1696 439 74
1784 409 1865 420 -.
2587 373 2687 436 111

807 568 866 625 p.
894 552 1115 619 53,14.
1185 548 1468 607 Promisit
1512 548 1766 624 scriptor
1810 565 1872 607 se
1918 568 2028 606 usu
2075 546 2443 625 pronominis
2475 545 2564 604 τίν
2594 546 2688 605 cui

637 650 820 712 dativi
840 651 934 711 vis
956 652 1192 721 inesset,
1225 649 1472 724 figuram
1507 652 2023 727 comprobaturum
2046 669 2193 709 esse.
2239 652 2441 728 Atque
2463 649 2690 707 addidit

634 754 826 813 locum
850 774 928 813 ex
945 753 1204 812 Homero
1224 753 1500 812 haustum
1516 752 1603 830 (A
1626 754 1794 826 201),
1811 773 1927 833 quo
1954 754 2190 813 schema
2212 772 2344 810 cum
2364 751 2688 811 illustratu-

634 877 765 916 rum
795 875 924 916 esse
954 875 987 913 e
1019 855 1442 914 consuetudine
1473 867 1902 932 exspectamus.
1973 857 2086 915 Sed
2118 874 2443 932 pronomen
2478 906 2505 934 α
2522 853 2640 913 τεῒν
2656 852 2685 880 ”

635 962 733 1021 hic
778 960 962 1022 dativi
1007 960 1198 1019 locum
1246 965 1441 1031 tenet,
1486 960 1546 1017 id
1593 962 1750 1039 quod
1799 961 1974 1020 etiam
2024 960 2206 1020 schol.
2251 962 2308 1020 A
2351 958 2687 1019 adnotavit:

636 1061 1020 1140 σημειοῦνταί
1079 1082 1230 1131 τινες
1292 1056 1380 1121 ὅτι
1434 1059 1497 1121 ἐν
1542 1060 1652 1145 ἰ’σῳ
1699 1065 1781 1145 τῷ
1827 1062 1979 1143 ίσοί’
2024 1055 2067 1139 ἦ
2097 1062 2307 1144 ιιτεεῖ“ν”
2342 1057 2686 1137 ἀντωνυμία

637 1159 883 1244 Δωρικὴ
944 1153 1097 1226 οὖσα
1154 1158 1303 1224 κατοὶ
1363 1160 1738 1241 πλεονασμόν
1783 1167 1889 1225 τοῦ
1937 1185 1963 1224 ε
2010 1163 2313 1242 ἐξηνέχθη,
2376 1159 2525 1224 ὅθεν
2571 1186 2686 1237 φυ-

633 1263 907 1331 λάσσεται
952 1261 988 1327 ὅ
1032 1262 1214 1339 αὐτὸς
1257 1262 1448 1338 τόνος.
1521 1271 1734 1350 Itaque
1781 1272 2148 1331 enuntiatum
2195 1269 2342 1328 illud
2389 1258 2540 1343 αὕτη
2574 1260 2685 1346 γὰρ

636 1365 919 1447 οὐδεμιᾶς
963 1364 1244 1442 πτώσεως
1271 1365 1312 1448 ἢ
1346 1371 1583 1448 δοτικῆς
1618 1365 1914 1449 δηλωτική
1948 1374 2079 1434 loco
2119 1373 2436 1433 Homerico
2474 1373 2685 1431 confir-

638 1495 795 1534 mare
826 1482 1031 1536 auctor
1060 1481 1262 1535 noster
1290 1476 1526 1536 videtur
1555 1476 1830 1536 voluisse.
1899 1477 2155 1551 Figurae
2197 1475 2383 1550 igitur
2413 1474 2687 1550 exempla

636 1580 1075 1651 desiderantur,
1137 1578 1308 1637 nobis
1367 1578 1724 1656 inquirenda
1788 1584 1943 1637 sunt.
2043 1578 2370 1636 Audiamus
2430 1578 2682 1654 primum

639 1681 839 1757 Apoll.
888 1681 1067 1758 Dysc.
1112 1682 1212 1757 (de
1255 1684 1578 1756 pron.105
1617 1681 1724 1756 Β).
1775 1679 1936 1759 τίν’,
1984 1681 2199 1760 inquit,
2247 1679 2476 1738 τίθεται
2521 1673 2682 1755 παραὶ

645 1781 911 1866 Κορίννῃ
974 1804 1075 1840 και
1140 1775 1245 1841 ἐπ’
1289 1779 1617 1857 αἰτιατικῆς
1677 1780 1740 1842 ἐν
1786 1775 2120 1863 Καταπλῳ·
2185 1777 2303 1862 “oz”
2360 1803 2469 1860 γαρ
2515 1803 2606 1840 τιν
2651 1801 2682 1839 ο

637 1877 943 1962 φθονερός
987 1883 1261 1960 ὁαίμων”
1324 1886 1418 1964 (fr.
1471 1890 1504 1942 5
1555 1887 1790 1945 Ahrens
1836 1893 1870 1942 4
1920 1887 2117 1962 Bergk
2140 1886 2201 1962 4)
2267 1877 2402 1943 ἀντὶ
2446 1887 2555 1944 τοῦ
2600 1881 2682 1955 σέ,

634 1985 735 2047 καὶ
782 1983 968 2060 σαφὲς
1015 2009 1096 2057 ως
1138 1980 1276 2046 κατ’
1321 1981 1639 2067 ἐναλλαγὴν
1684 1981 1979 2057 πτώσεως.
2053 1988 2238 2048 Porro
2283 1988 2456 2047 Pind.
2508 1989 2682 2065 Pyth.

638 2093 794 2151 VIII
842 2092 917 2150 97
969 2089 1117 2171 ιτίν’
1165 2111 1283 2152 acc.
1329 2110 1405 2150 ex
1451 2092 1778 2150 Hermanni
1825 2093 2121 2152 sententia
2185 2092 2283 2169 (de
2330 2091 2466 2150 dial.
2512 2091 2683 2149 Pind.

633 2216 691 2271 p.
733 2196 851 2270 14),
898 2197 1014 2255 dat.
1062 2195 1516 2272 paraphrastae3
1562 2194 1808 2253 Theocr.
1854 2194 2021 2272 idyll.
2051 2195 2292 2271 Cyclop.
2326 2195 2422 2254 XI
2455 2200 2553 2265 39,
2587 2199 2685 2265 54,

635 2303 715 2357 68
761 2318 911 2370 acc.,
974 2297 1160 2356 altero
1221 2296 1354 2356 loco
1409 2317 1525 2356 acc.
1573 2295 1755 2356 schol.
1802 2306 2145 2372 agnoscunt.
2235 2297 2571 2355 Archimed.
2621 2297 2684 2353 11

633 2406 775 2473 290,
822 2406 922 2461 23.
970 2405 1111 2472 294,
1159 2405 1195 2459 3
1252 2401 1324 2458 ab
1387 2399 1712 2476 Heibergio
1758 2398 1910 2480 ιτίν’
1973 2400 2309 2460 restitutum
2366 2407 2683 2479 utrumque

630 2524 740 2580 pro
798 2523 917 2564 acc.
979 2505 1160 2562 habet
1219 2504 1285 2564 G.
1352 2504 1555 2579 Meyer
1615 2505 1883 2582 (gramm.
1949 2522 2138 2580 graec.
2186 2524 2241 2580 p.
2293 2501 2460 2579 383),
2519 2504 2685 2578 prius

631 2615 828 2665 tamen
876 2606 1061 2665 dativi
1106 2611 1456 2683 potestatem
1503 2606 1773 2665 obtinere
1820 2624 2038 2682 negare
2096 2626 2215 2666 uon
2261 2606 2416 2665 licet.
2445 2638 2528 2650 -—-
2562 2608 2684 2664 Ex·

635 2710 922 2786 cerptoris
982 2709 1321 2785 opinionem
1384 2709 1485 2788 qui
1549 2709 1693 2782 σφίν
1748 2710 2066 2770 accusativi
2115 2709 2242 2769 loco
2281 2694 2546 2786 ‘positum
2592 2709 2683 2766 in-

630 2812 821 2872 veniri
868 2812 1210 2885 contendit,
1274 2811 1559 2888 Hesychii
1622 2820 1852 2872 tantum
1912 2812 2254 2872 testimonio
2301 2814 2682 2888 comprobare

630 2935 904 2990 possum:
951 2912 1124 2987 σφίν·
1173 2905 1376 2982 αὐτοῖς
1420 2905 1461 2989 ἢ
1506 2906 1726 2983 αὐτοῦς
1769 2906 1811 2990 ἢ
1854 2908 2043 2983 αὐτάς
2087 2915 2443 2992 (Schmidtio
2486 2906 2528 2989 ἢ
2574 2908 2682 2971 αὐ-

631 3010 771 3087 τοῦς
813 3021 930 3075 κτλ.
978 3018 1292 3094 suspecta).

787 3140 860 3203 p.
911 3125 1012 3195 53,
1059 3117 1157 3202 617
1201 3121 1266 3181 Β.
1332 3110 1394 3199 ,ὁ
1426 3109 1579 3198 ἀνὴρ
1611 3117 1991 3199 παρεγένετο’
2024 3122 2142 3194 fict,
2175 3121 2250 3181 cf.
2285 3119 2480 3199 Apoll.
2500 3122 2678 3198 Dysc.

631 3226 701 3284 de
748 3229 967 3283 constr.
1014 3228 1158 3296 306,
1201 3228 1298 3295 26,
1347 3223 1450 3302 qui
1496 3223 1569 3280 ad
1615 3222 1791 3281 aliam
1834 3244 1957 3282 rem
2005 3225 2517 3283 demonstrandam
2562 3224 2679 3281 for-

632 3327 815 3387 mavit
859 3317 928 3409 ‘o‘
971 3318 1302 3404 ἅνθρωπος
1345 3319 1774 3403 παρεγένετο’;
1821 3326 1894 3384 cf.
1950 3333 2258 3401 praeterea
2303 3326 2563 3385 eiusdem
2609 3328 2679 3385 de

629 3430 763 3489 adv.
813 3433 954 3503 531,
1003 3434 1102 3488 32.

802 3551 859 3607 p.
913 3537 1023 3604 53,
1092 3534 1189 3589 19.
1279 3530 1502 3589 Locum
1582 3531 1668 3591 ita
1728 3551 1935 3591 sanare
1998 3532 2229 3604 malim,
2305 3537 2372 3591 ut
2431 3532 2679 3592 scribam

629 3628 1076 3710 συνηρτημὲνην
1136 3629 1271 3710 ἕχον
1335 3624 1658 3710 ὅριστικοῖς
1703 3628 1960 3710 ῥήμασιν
2004 3628 2252 3711 μετοχὴν
2298 3631 2393 3694 ἐπὶ
2441 3633 2678 3694 αἰτιατι-

629 3738 741 3813 κῆς
786 3728 1065 3805 πτώσεως
1110 3730 1243 3824 ἀντὶ
1286 3727 1482 3813 ὀρθῆς
1526 3737 1600 3796 cf.
1649 3738 1885 3797 schema
1928 3737 2283 3813 proximum.

1451 3958 1859 3966 -——-—-—---———-
