3234 4950
1436 299 1858 365 -10—
2594 304 2658 373 ΙΙ

622 472 753 533 ciat.
838 474 1007 532 Unde
1052 474 1321 552 sequitur
1364 474 1427 532 in
1472 476 1586 534 hoc
1630 474 1781 539 libro
1829 476 2091 550 regulam
2138 473 2428 533 excidisse
2474 492 2670 552 neque

619 578 917 653 integrum
964 578 1459 637 Phoebammouis
1504 579 1851 654 opusculum
1895 584 2147 639 aetatem
2192 578 2413 637 tulisse.
2498 576 2669 640 Quod

621 687 817 739 autem
877 682 950 739 ad
999 681 1405 758 exemplorum
1456 681 1855 741 differentiam
1899 683 2130 755 attinet,
2178 680 2672 741 Phoebammonis

620 785 806 842 verba
865 779 923 841 εἰ
979 774 1452 860 Ἀλεξανδρεῦσιν
1517 777 1893 860 ἐπιπλήττων
1966 776 2116 860 ὑπὲρ
2193 777 2436 854 ἀταξίας
2521 779 2671 842 εἴπω

618 883 950 965 (Θηβαίους
1011 877 1205 963 εὖραὶν
1265 878 1666 956 ἀτακτοῦντας
1710 881 1846 947 τόδε
1891 886 1991 946 καὶ
2037 881 2171 946 τόδε
2217 877 2417 947 εἷπον’
2462 888 2534 945 ab
2580 905 2669 957 eo,

621 990 725 1068 qni
753 988 888 1048 illas
918 989 1137 1064 figuras
1169 1010 1297 1048 cum
1331 992 1699 1050 Lesbonacte
1731 992 2060 1064 coniunxit,
2109 991 2172 1049 in
2204 991 2453 1049 formam
2486 989 2671 1063 magis

619 1091 954 1166 generalem
1012 1093 1253 1169 proprio
1318 1095 1509 1153 Marte
1569 1113 1855 1155 conversa
1914 1094 2192 1153 videntur
2254 1111 2401 1151 esse.
2504 1091 2669 1155 Quae

620 1215 751 1255 cum
797 1195 880 1254 ita
924 1196 1061 1268 sint,
1125 1197 1273 1255 duae
1317 1197 1450 1256 viae
1496 1202 1719 1273 patent,
1787 1197 2006 1276 quibus
2049 1197 2310 1275 reliquas
2370 1213 2523 1275 quae
2568 1213 2671 1253 ex-

621 1301 782 1357 stant
824 1298 1190 1361 differentias
1251 1299 1647 1375 explicemus:
1710 1306 1817 1359 aut
1860 1319 1893 1358 e
1937 1295 2138 1359 libello
2184 1299 2445 1359 nondum
2491 1299 2669 1356 muti-

619 1400 738 1459 lato
783 1403 1054 1461 redactor
1099 1403 1145 1459 B
1189 1402 1409 1479 figuras
1454 1403 1706 1479 sumpsit
1754 1410 1859 1463 aut
1901 1403 2028 1479 ipse
2075 1402 2341 1462 mutavit.

796 1504 869 1562 In
915 1524 1155 1565 censum
1200 1504 1453 1563 veniunt
1494 1506 1556 1562 hi
1603 1505 1752 1564 loci:

978 1608 1155 1667 Lesb.
1199 1607 1267 1666 B.
2057 1608 2279 1667 Phoeb.

707 1710 753 1768 I.
802 1708 935 1785 (sub
960 1709 1055 1784 fig.
1080 1700 1371 1786 Ἐττεξήγ.)
1415 1704 1621 1789 λέξεως
1758 1705 1965 1779 λέξεως
2021 1704 2127 1784 μὲν
2174 1700 2311 1767 nicei
2354 1705 2539 1788 λέγων
2585 1731 2672 1780 τις

623 1805 729 1887 μὲν
776 1801 857 1880 ὥς
899 1803 964 1869 τό
1032 1806 1203 1891 (λαβὲ
1261 1803 1364 1870 τὸν
1416 1803 1611 1869 οἶκινοὶ·
1671 1803 2026 1892 ‘nimiminus’
2099 1812 2414 1888 σαφηνίσει
2485 1809 2670 1890 λέγων

620 1905 812 1988 κην,ὃ’
843 1907 1284 1992 ἐστιΠερσικὸν
1306 1911 1614 1986 ξιφίδιον’.
1672 1909 2008 1993 «Περσικόν
2074 1905 2223 1973 εἶναι
2302 1913 2477 1989 ξίφος
2559 1936 2673 1974 τοι-

1673 2010 1810 2076 όνδε
1855 2015 1957 2075 καὶ
2002 2012 2276 2077 τοιόνδε’.

703 2119 788 2178 ΙΙ.
836 2118 907 2196 (s.
953 2112 1078 2178 ἀπὸ
1124 2120 1359 2199 κοινοῦ)
1404 2113 1615 2179 πολλοί-
1670 2115 1820 2191 λέξις
1851 2164 2110 2180 ......
2145 2114 2431 2190 πολλάκις
2476 2115 2539 2179 δὲ
2575 2142 2674 2179 νο-

605 2240 710 2289 κις
768 2216 832 2279 δὲ
879 2219 1171 2298 νοουμένη
1229 2220 1327 2282 καὶ
1392 2221 1618 2294 ἔξωθεν
1672 2219 1894 2299 ουμένη
1939 2220 2038 2281 καὶ
2087 2219 2546 2300 συντασσομένη.

615 2320 1049 2401 λαμβανομένη.
2142 2319 2145 2322 ’

706 2429 822 2487 ΙΙΙ.
871 2427 945 2506 (e.
970 2420 1090 2487 dmi
1125 2430 1360 2505 κοινοῦ)
1389 2422 1617 2512 “firma
1671 2420 1894 2511 ιᾔτησα
1938 2422 2094 2499 τούς
2124 2421 2367 2509 ἄνδρας,
2423 2423 2671 2506 μάλιστα

618 2522 761 2600 τούς
791 2523 1033 2606 ἄνδρας,
1059 2525 1307 2608 μάλιστα
1339 2528 1403 2591 δὲ
1432 2533 1614 2611 Χαρί-
1640 2480 1646 2610 Ι
1673 2526 1840 2592 τόνδε
1883 2530 1985 2591 καὶ
2031 2527 2199 2592 τόνδε
2214 2531 2244 2591 ’.

618 2632 809 2709 δημον
852 2631 956 2693 καὶ
982 2629 1382 2712 Ἵππαρχον”.

703 2737 813 2798 IV.
860 2739 932 2818 (s.
963 2732 1087 2797 ἀπὸ
1119 2739 1354 2815 κοινοῦ)
1398 2740 1614 2797 Exem-
1672 2738 1889 2798 omisit.

617 2841 782 2922 plum
856 2860 934 2899 ex
998 2841 1260 2901 Homero
1333 2841 1612 2901 haustum

619 2945 703 3020 (A
752 2941 874 3020 15).

706 3046 776 3107 V.
821 3047 1178 3122 Exemplum
1232 3066 1264 3106 e
1309 3047 1612 3123 Theologo

615 3151 916 3209 haustum.

791 3251 1016 3317 Quodsi
1060 3254 1349 3313 redactori
1398 3254 1446 3311 B
1491 3259 1760 3312 extrema
1797 3254 1998 3313 deberi
2045 3254 2443 3329 probavimus,
2490 3253 2668 3312 etiam

616 3354 953 3426 terminum,
999 3364 1135 3431 post
1179 3376 1354 3434 quem
1399 3358 1804 3417 recensionem
1837 3359 2111 3431 confecit,
2157 3355 2668 3435 recuperavimus:

615 3464 752 3534 post
810 3462 1061 3518 aetatem
1126 3458 1394 3534 Gregorii
1459 3460 1827 3519 Nazianzeni
1890 3460 2019 3540 (qui
2081 3461 2198 3520 fuit
2258 3459 2477 3519 saeculi
2535 3459 2667 3535 IV),

617 3560 785 3620 cuius
826 3561 1029 3620 verbis
1073 3563 1264 3638 σχῆμα
1309 3558 1635 3642 ἕτερογενές
1677 3562 2030 3624 illustratur.

787 3664 1126 3724 Notandum
1174 3671 1265 3724 est
1323 3667 1555 3724 easdem
1617 3672 1898 3746 quattuor
1942 3667 2178 3742 figuras,
2238 3686 2391 3745 quae
2447 3668 2666 3726 Lesbon

615 3768 804 3827 nactis
850 3766 1132 3843 opusculo
1191 3768 1425 3827 additae
1470 3776 1627 3840 sunt,
1673 3769 1893 3827 eisdem
1939 3770 2063 3827 fere
2108 3767 2309 3828 verbis
2354 3769 2669 3844 impressas

618 3889 745 3932 esse
789 3871 854 3929 in
898 3870 1017 3929 fine
1062 3870 1248 3931 libelli
1286 3870 1524 3946 Georgii
1557 3870 1950 3930 Choerobosci
2000 3865 2135 3947 περὶ
2179 3863 2418 3948 τρόπων
2461 3890 2497 3930 a
2536 3873 2668 3932 Mo-

616 3974 762 4034 rello
808 3973 1080 4034 Lutetiae
1127 3974 1412 4038 MDOXV
1476 3972 1640 4049 editi,
1705 3992 1782 4031 ex
1842 3992 1960 4054 qua
2018 3972 2279 4036 editione
2337 3974 2567 4050 recepit
2610 3979 2671 4034 et

3209 506 3210 543 M„
3209 476 3210 481 „
3208 360 3210 421 -.-
3193 210 3211 343 4⁴1³».—
