<?xml version="1.0" encoding="UTF-8"?>
<!DOCTYPE html PUBLIC "-//W3C//DTD XHTML 1.0 Transitional//EN"
    "http://www.w3.org/TR/xhtml1/DTD/xhtml1-transitional.dtd">
<html xmlns="http://www.w3.org/1999/xhtml" xml:lang="en" lang="en">
 <head>
  <title>
</title>
<meta http-equiv="Content-Type" content="text/html;charset=utf-8" />
  <meta name='ocr-system' content='tesseract 3.04.00' />
  <meta name='ocr-capabilities' content='ocr_page ocr_carea ocr_par ocr_line ocrx_word'/>
</head>
<body>
  <div class='ocr_page' id='page_1' title='image "./delesbonactegra00lesbgoog_0111.png"; bbox 0 0 3234 4950; ppageno 0'>
   <div class='ocr_carea' id='block_1_1' title="bbox 579 402 1838 470">
    <p class='ocr_par' dir='ltr' id='par_1_1' title="bbox 579 402 1838 470">
     <span class='ocr_line' id='line_1_1' title="bbox 579 402 1838 470; baseline 0.003 -4"><span class='ocrx_word' id='word_1_1' title='bbox 579 402 666 466; x_wconf 91' lang='lat' dir='ltr'><strong>VI</strong></span> <span class='ocrx_word' id='word_1_2' title='bbox 1365 440 1450 450; x_wconf 90' lang='lat'><strong>—</strong></span> <span class='ocrx_word' id='word_1_3' title='bbox 1541 403 1665 470; x_wconf 86' lang='lat'><strong>103</strong></span> <span class='ocrx_word' id='word_1_4' title='bbox 1753 441 1838 452; x_wconf 91' lang='lat'>—</span> 
     </span>
    </p>
   </div>
   <div class='ocr_carea' id='block_1_2' title="bbox 568 569 2635 3531">
    <p class='ocr_par' dir='ltr' id='par_1_2' title="bbox 568 569 2635 3531">
     <span class='ocr_line' id='line_1_2' title="bbox 577 569 2633 657; baseline 0 -20"><span class='ocrx_word' id='word_1_5' title='bbox 577 580 767 652; x_wconf 89' lang='grc' dir='ltr'><em>μιλλοι</em></span> <span class='ocrx_word' id='word_1_6' title='bbox 816 569 1235 656; x_wconf 76' lang='grc' dir='ltr'><em>Νικοστράτου</em></span> <span class='ocrx_word' id='word_1_7' title='bbox 1292 574 1396 636; x_wconf 83' lang='grc' dir='ltr'><strong>καὶ</strong></span> <span class='ocrx_word' id='word_1_8' title='bbox 1446 570 1854 657; x_wconf 76' lang='grc' dir='ltr'><em>Φιλοστράτου</em></span> <span class='ocrx_word' id='word_1_9' title='bbox 1897 579 2017 637; x_wconf 72' lang='grc' dir='ltr'><strong>τῶν</strong></span> <span class='ocrx_word' id='word_1_10' title='bbox 2062 575 2128 637; x_wconf 77' lang='grc' dir='ltr'><strong>ἐν</strong></span> <span class='ocrx_word' id='word_1_11' title='bbox 2170 581 2294 648; x_wconf 85' lang='grc' dir='ltr'><em>τοῖς</em></span> <span class='ocrx_word' id='word_1_12' title='bbox 2339 572 2376 637; x_wconf 88' lang='grc' dir='ltr'><strong>ι’</strong></span> <span class='ocrx_word' id='word_1_13' title='bbox 2423 573 2633 637; x_wconf 80' lang='grc' dir='ltr'><em>νεωτέ-</em></span> 
     </span>
     <span class='ocr_line' id='line_1_3' title="bbox 573 673 2632 759; baseline 0 -20"><span class='ocrx_word' id='word_1_14' title='bbox 573 701 702 759; x_wconf 82' lang='grc' dir='ltr'><em>ροις</em></span> <span class='ocrx_word' id='word_1_15' title='bbox 748 684 1059 753; x_wconf 84' lang='grc' dir='ltr'><em>σοφισταῖς</em></span> <span class='ocrx_word' id='word_1_16' title='bbox 1104 675 1590 759; x_wconf 82' lang='grc' dir='ltr'><em>διαπρεπόντων,</em></span> <span class='ocrx_word' id='word_1_17' title='bbox 1657 673 1905 755; x_wconf 84' lang='grc' dir='ltr'><em>μάλιστα</em></span> <span class='ocrx_word' id='word_1_18' title='bbox 1962 675 2025 739; x_wconf 81' lang='grc' dir='ltr'><strong>δὲ</strong></span> <span class='ocrx_word' id='word_1_19' title='bbox 2079 678 2146 738; x_wconf 81' lang='grc' dir='ltr'><strong>αἱ</strong></span> <span class='ocrx_word' id='word_1_20' title='bbox 2187 676 2461 759; x_wconf 77' lang='grc' dir='ltr'><em>ἐρωτικαὶ</em></span> <span class='ocrx_word' id='word_1_21' title='bbox 2508 677 2632 740; x_wconf 78' lang='grc' dir='ltr'><em>ἔπι-</em></span> 
     </span>
     <span class='ocr_line' id='line_1_4' title="bbox 573 775 2629 862; baseline 0 -22"><span class='ocrx_word' id='word_1_22' title='bbox 573 778 774 841; x_wconf 79' lang='grc' dir='ltr'><em>στολαὶ</em></span> <span class='ocrx_word' id='word_1_23' title='bbox 807 775 1029 858; x_wconf 80' lang='grc' dir='ltr'><em>πολλὴν</em></span> <span class='ocrx_word' id='word_1_24' title='bbox 1060 775 1169 858; x_wconf 78' lang='grc' dir='ltr'><strong>τὴν</strong></span> <span class='ocrx_word' id='word_1_25' title='bbox 1196 780 1259 842; x_wconf 77' lang='grc' dir='ltr'><strong>ἐκ</strong></span> <span class='ocrx_word' id='word_1_26' title='bbox 1291 785 1411 841; x_wconf 76' lang='grc' dir='ltr'><strong>τῶν</strong></span> <span class='ocrx_word' id='word_1_27' title='bbox 1432 777 1627 862; x_wconf 84' lang='grc' dir='ltr'><em>λόγων</em></span> <span class='ocrx_word' id='word_1_28' title='bbox 1648 775 2085 855; x_wconf 79' lang='grc' dir='ltr'><em>άποστάζουσαι</em></span> <span class='ocrx_word' id='word_1_29' title='bbox 2105 775 2335 859; x_wconf 78' lang='grc' dir='ltr'><em>ἡδονήν</em></span> <span class='ocrx_word' id='word_1_30' title='bbox 2357 784 2629 862; x_wconf 84' lang='lat' dir='ltr'><strong>(Marcia-</strong></span> 
     </span>
     <span class='ocr_line' id='line_1_5' title="bbox 574 886 2631 966; baseline 0 -22"><span class='ocrx_word' id='word_1_31' title='bbox 574 886 772 964; x_wconf 78' lang='lat' dir='ltr'><strong>nusl).</strong></span> <span class='ocrx_word' id='word_1_32' title='bbox 804 887 955 945; x_wconf 87' lang='lat' dir='ltr'><strong>Nam</strong></span> <span class='ocrx_word' id='word_1_33' title='bbox 972 891 1307 962; x_wconf 82' lang='lat' dir='ltr'><strong>temporum</strong></span> <span class='ocrx_word' id='word_1_34' title='bbox 1335 886 1785 963; x_wconf 88' lang='lat' dir='ltr'><strong>computationi,</strong></span> <span class='ocrx_word' id='word_1_35' title='bbox 1809 907 1926 966; x_wconf 91' lang='lat' dir='ltr'><strong>qua</strong></span> <span class='ocrx_word' id='word_1_36' title='bbox 1949 886 2253 963; x_wconf 80' lang='lat' dir='ltr'><strong>sophistae</strong></span> <span class='ocrx_word' id='word_1_37' title='bbox 2269 892 2523 947; x_wconf 90' lang='lat' dir='ltr'><strong>aetatem</strong></span> <span class='ocrx_word' id='word_1_38' title='bbox 2541 886 2631 944; x_wconf 92' lang='lat' dir='ltr'><strong>in-</strong></span> 
     </span>
     <span class='ocr_line' id='line_1_6' title="bbox 575 982 2629 1069; baseline -0.001 -20"><span class='ocrx_word' id='word_1_39' title='bbox 575 988 799 1063; x_wconf 82' lang='lat' dir='ltr'><strong>venias,</strong></span> <span class='ocrx_word' id='word_1_40' title='bbox 843 1008 1048 1048; x_wconf 88' lang='lat' dir='ltr'><strong>ausam</strong></span> <span class='ocrx_word' id='word_1_41' title='bbox 1094 1009 1213 1047; x_wconf 92' lang='lat' dir='ltr'><strong>non</strong></span> <span class='ocrx_word' id='word_1_42' title='bbox 1261 991 1508 1065; x_wconf 79' lang='lat' dir='ltr'>praebet</span> <span class='ocrx_word' id='word_1_43' title='bbox 1550 1010 1674 1049; x_wconf 85' lang='lat' dir='ltr'><strong>vox</strong></span> <span class='ocrx_word' id='word_1_44' title='bbox 1713 982 2028 1062; x_wconf 77' lang='grc' dir='ltr'><em>ἐνάμιλλοι,</em></span> <span class='ocrx_word' id='word_1_45' title='bbox 2076 1009 2226 1069; x_wconf 89' lang='lat' dir='ltr'><strong>quae</strong></span> <span class='ocrx_word' id='word_1_46' title='bbox 2272 990 2427 1048; x_wconf 92' lang='lat' dir='ltr'><strong>nihil</strong></span> <span class='ocrx_word' id='word_1_47' title='bbox 2472 989 2629 1047; x_wconf 89' lang='lat' dir='ltr'><strong>aliud</strong></span> 
     </span>
     <span class='ocr_line' id='line_1_7' title="bbox 572 1088 2631 1172; baseline 0.001 -24"><span class='ocrx_word' id='word_1_48' title='bbox 572 1090 833 1150; x_wconf 89' lang='lat' dir='ltr'><strong>indicare</strong></span> <span class='ocrx_word' id='word_1_49' title='bbox 889 1093 1127 1153; x_wconf 85' lang='lat' dir='ltr'><strong>videtur</strong></span> <span class='ocrx_word' id='word_1_50' title='bbox 1186 1111 1359 1172; x_wconf 92' lang='lat' dir='ltr'><strong>quam</strong></span> <span class='ocrx_word' id='word_1_51' title='bbox 1422 1088 1659 1167; x_wconf 85' lang='grc' dir='ltr'><em>μελέτας</em></span> <span class='ocrx_word' id='word_1_52' title='bbox 1732 1092 1908 1150; x_wconf 91' lang='lat' dir='ltr'><strong>huius</strong></span> <span class='ocrx_word' id='word_1_53' title='bbox 1968 1092 2353 1152; x_wconf 87' lang='lat' dir='ltr'><strong>Lesbonactis</strong></span> <span class='ocrx_word' id='word_1_54' title='bbox 2427 1092 2631 1172; x_wconf 91' lang='lat' dir='ltr'><strong>aequi-</strong></span> 
     </span>
     <span class='ocr_line' id='line_1_8' title="bbox 573 1193 2631 1271; baseline 0 -20"><span class='ocrx_word' id='word_1_55' title='bbox 573 1212 811 1270; x_wconf 89' lang='lat' dir='ltr'><strong>perasse</strong></span> <span class='ocrx_word' id='word_1_56' title='bbox 875 1195 1239 1271; x_wconf 80' lang='lat' dir='ltr'><strong>praestantia</strong></span> <span class='ocrx_word' id='word_1_57' title='bbox 1297 1195 1699 1255; x_wconf 77' lang='lat' dir='ltr'><strong>Nicostratum</strong></span> <span class='ocrx_word' id='word_1_58' title='bbox 1761 1202 1820 1254; x_wconf 87' lang='lat' dir='ltr'><strong>et</strong></span> <span class='ocrx_word' id='word_1_59' title='bbox 1880 1195 2325 1257; x_wconf 87' lang='lat' dir='ltr'><strong>Philostratum.</strong></span> <span class='ocrx_word' id='word_1_60' title='bbox 2432 1193 2631 1257; x_wconf 83' lang='lat' dir='ltr'><strong>Quan-</strong></span> 
     </span>
     <span class='ocr_line' id='line_1_9' title="bbox 575 1297 2631 1375; baseline 0 -22"><span class='ocrx_word' id='word_1_61' title='bbox 575 1315 751 1375; x_wconf 87' lang='lat' dir='ltr'><strong>quam</strong></span> <span class='ocrx_word' id='word_1_62' title='bbox 798 1317 931 1356; x_wconf 89' lang='lat' dir='ltr'><strong>eum</strong></span> <span class='ocrx_word' id='word_1_63' title='bbox 975 1301 1248 1373; x_wconf 85' lang='lat' dir='ltr'><strong>Augusto</strong></span> <span class='ocrx_word' id='word_1_64' title='bbox 1293 1298 1684 1358; x_wconf 82' lang='lat' dir='ltr'><strong>recentiorem</strong></span> <span class='ocrx_word' id='word_1_65' title='bbox 1729 1297 1913 1357; x_wconf 87' lang='lat' dir='ltr'><strong>fuisse</strong></span> <span class='ocrx_word' id='word_1_66' title='bbox 1959 1298 2169 1356; x_wconf 83' lang='lat' dir='ltr'><strong>Rohde</strong></span> <span class='ocrx_word' id='word_1_67' title='bbox 2213 1305 2373 1357; x_wconf 88' lang='lat' dir='ltr'><strong>recte</strong></span> <span class='ocrx_word' id='word_1_68' title='bbox 2420 1316 2498 1356; x_wconf 87' lang='lat' dir='ltr'><strong>ex</strong></span> <span class='ocrx_word' id='word_1_69' title='bbox 2540 1297 2631 1354; x_wconf 93' lang='lat' dir='ltr'><strong>in-</strong></span> 
     </span>
     <span class='ocr_line' id='line_1_10' title="bbox 577 1397 2630 1480; baseline 0.001 -25"><span class='ocrx_word' id='word_1_70' title='bbox 577 1397 710 1456; x_wconf 87' lang='lat' dir='ltr'><strong>dole</strong></span> <span class='ocrx_word' id='word_1_71' title='bbox 774 1399 1128 1475; x_wconf 91' lang='lat' dir='ltr'><strong>scriptorum</strong></span> <span class='ocrx_word' id='word_1_72' title='bbox 1184 1400 1491 1473; x_wconf 88' lang='lat' dir='ltr'><strong>conclusit,</strong></span> <span class='ocrx_word' id='word_1_73' title='bbox 1553 1407 1615 1460; x_wconf 89' lang='lat' dir='ltr'><strong>et</strong></span> <span class='ocrx_word' id='word_1_74' title='bbox 1676 1401 1725 1459; x_wconf 91' lang='lat' dir='ltr'><strong>si</strong></span> <span class='ocrx_word' id='word_1_75' title='bbox 1785 1400 1917 1480; x_wconf 88' lang='lat' dir='ltr'><strong>quis</strong></span> <span class='ocrx_word' id='word_1_76' title='bbox 1962 1401 2209 1460; x_wconf 90' lang='lat' dir='ltr'><strong>Luciani</strong></span> <span class='ocrx_word' id='word_1_77' title='bbox 2255 1400 2630 1460; x_wconf 88' lang='lat' dir='ltr'><strong>scholiastam</strong></span> 
     </span>
     <span class='ocr_line' id='line_1_11' title="bbox 574 1500 2630 1578; baseline 0.001 -21"><span class='ocrx_word' id='word_1_78' title='bbox 574 1500 637 1558; x_wconf 89' lang='lat' dir='ltr'><strong>in</strong></span> <span class='ocrx_word' id='word_1_79' title='bbox 684 1502 795 1561; x_wconf 90' lang='lat' dir='ltr'><strong>hac</strong></span> <span class='ocrx_word' id='word_1_80' title='bbox 837 1522 901 1561; x_wconf 90' lang='lat' dir='ltr'><strong>re</strong></span> <span class='ocrx_word' id='word_1_81' title='bbox 947 1502 1062 1560; x_wconf 87' lang='lat' dir='ltr'><strong>fide</strong></span> <span class='ocrx_word' id='word_1_82' title='bbox 1108 1502 1350 1578; x_wconf 88' lang='lat' dir='ltr'><strong>dignum</strong></span> <span class='ocrx_word' id='word_1_83' title='bbox 1397 1522 1525 1562; x_wconf 86' lang='lat' dir='ltr'><strong>esse</strong></span> <span class='ocrx_word' id='word_1_84' title='bbox 1570 1502 1686 1561; x_wconf 90' lang='lat' dir='ltr'><strong>sibi</strong></span> <span class='ocrx_word' id='word_1_85' title='bbox 1722 1503 2084 1578; x_wconf 88' lang='lat' dir='ltr'><strong>persuaserit</strong></span> <span class='ocrx_word' id='word_1_86' title='bbox 2110 1536 2196 1545; x_wconf 95' lang='lat'><strong>—</strong></span> <span class='ocrx_word' id='word_1_87' title='bbox 2224 1502 2394 1564; x_wconf 80' lang='lat' dir='ltr'><strong>velut</strong></span> <span class='ocrx_word' id='word_1_88' title='bbox 2424 1502 2630 1562; x_wconf 85' lang='lat' dir='ltr'><strong>Oicho-</strong></span> 
     </span>
     <span class='ocr_line' id='line_1_12' title="bbox 574 1600 2632 1683; baseline 0 -22"><span class='ocrx_word' id='word_1_89' title='bbox 574 1603 726 1663; x_wconf 87' lang='lat' dir='ltr'><strong>rius:</strong></span> <span class='ocrx_word' id='word_1_90' title='bbox 788 1604 939 1663; x_wconf 87' lang='lat' dir='ltr'><strong>Rom</strong></span> <span class='ocrx_word' id='word_1_91' title='bbox 986 1626 1041 1663; x_wconf 89' lang='lat' dir='ltr'><strong>u.</strong></span> <span class='ocrx_word' id='word_1_92' title='bbox 1088 1606 1381 1682; x_wconf 81' lang='lat' dir='ltr'><strong>Mytilene</strong></span> <span class='ocrx_word' id='word_1_93' title='bbox 1432 1625 1489 1682; x_wconf 92' lang='lat' dir='ltr'><strong>p.</strong></span> <span class='ocrx_word' id='word_1_94' title='bbox 1540 1609 1618 1664; x_wconf 89' lang='lat'><strong>66</strong></span> <span class='ocrx_word' id='word_1_95' title='bbox 1668 1638 1770 1678; x_wconf 91' lang='lat'><strong>—,</strong></span> <span class='ocrx_word' id='word_1_96' title='bbox 1831 1625 1939 1679; x_wconf 86' lang='lat' dir='ltr'><strong>ego</strong></span> <span class='ocrx_word' id='word_1_97' title='bbox 1995 1600 2121 1664; x_wconf 38' lang='lat' dir='ltr'><strong>*non</strong></span> <span class='ocrx_word' id='word_1_98' title='bbox 2186 1606 2411 1678; x_wconf 90' lang='lat' dir='ltr'><strong>habeo,</strong></span> <span class='ocrx_word' id='word_1_99' title='bbox 2474 1606 2632 1683; x_wconf 89' lang='lat' dir='ltr'><strong>quod</strong></span> 
     </span>
     <span class='ocr_line' id='line_1_13' title="bbox 576 1706 2631 1781; baseline 0.001 -19"><span class='ocrx_word' id='word_1_100' title='bbox 576 1706 785 1766; x_wconf 91' lang='lat' dir='ltr'><strong>merito</strong></span> <span class='ocrx_word' id='word_1_101' title='bbox 832 1709 1154 1768; x_wconf 83' lang='lat' dir='ltr'><strong>obvertam.</strong></span> <span class='ocrx_word' id='word_1_102' title='bbox 1244 1707 1410 1771; x_wconf 83' lang='lat' dir='ltr'><strong>Quae</strong></span> <span class='ocrx_word' id='word_1_103' title='bbox 1472 1728 1604 1768; x_wconf 92' lang='lat' dir='ltr'><strong>cum</strong></span> <span class='ocrx_word' id='word_1_104' title='bbox 1662 1707 1752 1767; x_wconf 90' lang='lat' dir='ltr'><strong>ita</strong></span> <span class='ocrx_word' id='word_1_105' title='bbox 1811 1707 1949 1781; x_wconf 93' lang='lat' dir='ltr'><strong>sint,</strong></span> <span class='ocrx_word' id='word_1_106' title='bbox 2010 1707 2253 1767; x_wconf 82' lang='lat' dir='ltr'><strong>difficile</strong></span> <span class='ocrx_word' id='word_1_107' title='bbox 2299 1713 2389 1768; x_wconf 88' lang='lat' dir='ltr'><strong>est</strong></span> <span class='ocrx_word' id='word_1_108' title='bbox 2452 1707 2631 1780; x_wconf 86' lang='lat' dir='ltr'><strong>dictu,</strong></span> 
     </span>
     <span class='ocr_line' id='line_1_14' title="bbox 576 1805 2635 1870; baseline 0.001 -5"><span class='ocrx_word' id='word_1_109' title='bbox 576 1812 773 1867; x_wconf 92' lang='lat' dir='ltr'><strong>utrum</strong></span> <span class='ocrx_word' id='word_1_110' title='bbox 850 1811 1206 1870; x_wconf 78' lang='lat' dir='ltr'><strong>Lesbonacti</strong></span> <span class='ocrx_word' id='word_1_111' title='bbox 1267 1811 1515 1870; x_wconf 84' lang='lat' dir='ltr'><strong>Luciani</strong></span> <span class='ocrx_word' id='word_1_112' title='bbox 1589 1829 1665 1868; x_wconf 95' lang='lat' dir='ltr'><strong>an</strong></span> <span class='ocrx_word' id='word_1_113' title='bbox 1740 1805 2093 1870; x_wconf 78' lang='lat' dir='ltr'><strong>scholiastae</strong></span> <span class='ocrx_word' id='word_1_114' title='bbox 2154 1844 2238 1852; x_wconf 86' lang='lat'><strong>—</strong></span> <span class='ocrx_word' id='word_1_115' title='bbox 2315 1809 2365 1869; x_wconf 86' lang='lat' dir='ltr'><strong>si</strong></span> <span class='ocrx_word' id='word_1_116' title='bbox 2424 1828 2635 1870; x_wconf 85' lang='lat' dir='ltr'><strong>revera</strong></span> 
     </span>
     <span class='ocr_line' id='line_1_15' title="bbox 574 1911 2631 1987; baseline 0.001 -19"><span class='ocrx_word' id='word_1_117' title='bbox 574 1911 817 1972; x_wconf 87' lang='lat' dir='ltr'><strong>fuerunt</strong></span> <span class='ocrx_word' id='word_1_118' title='bbox 858 1912 1129 1972; x_wconf 89' lang='lat' dir='ltr'><strong>homines</strong></span> <span class='ocrx_word' id='word_1_119' title='bbox 1175 1913 1393 1974; x_wconf 85' lang='lat' dir='ltr'><strong>diversi</strong></span> <span class='ocrx_word' id='word_1_120' title='bbox 1444 1948 1522 1956; x_wconf 89' lang='lat'>—</span> <span class='ocrx_word' id='word_1_121' title='bbox 1568 1913 1789 1971; x_wconf 90' lang='lat' dir='ltr'><strong>maiore</strong></span> <span class='ocrx_word' id='word_1_122' title='bbox 1834 1911 2255 1987; x_wconf 86' lang='lat' dir='ltr'><strong>probabilitate</strong></span> <span class='ocrx_word' id='word_1_123' title='bbox 2302 1912 2631 1972; x_wconf 86' lang='lat' dir='ltr'><strong>tribuamus</strong></span> 
     </span>
     <span class='ocr_line' id='line_1_16' title="bbox 578 2014 2635 2091; baseline 0.001 -20"><span class='ocrx_word' id='word_1_124' title='bbox 578 2014 723 2072; x_wconf 89' lang='lat' dir='ltr'><strong>duas</strong></span> <span class='ocrx_word' id='word_1_125' title='bbox 768 2014 1062 2074; x_wconf 90' lang='lat' dir='ltr'><strong>orationes</strong></span> <span class='ocrx_word' id='word_1_126' title='bbox 1092 2016 1480 2075; x_wconf 84' lang='lat' dir='ltr'><strong>Lesbonactis</strong></span> <span class='ocrx_word' id='word_1_127' title='bbox 1521 2033 1736 2074; x_wconf 91' lang='lat' dir='ltr'><strong>nomen</strong></span> <span class='ocrx_word' id='word_1_128' title='bbox 1768 2034 1911 2091; x_wconf 88' lang='lat' dir='ltr'><strong>prae</strong></span> <span class='ocrx_word' id='word_1_129' title='bbox 1942 2034 2004 2073; x_wconf 88' lang='lat' dir='ltr'><strong>se</strong></span> <span class='ocrx_word' id='word_1_130' title='bbox 2033 2015 2295 2073; x_wconf 86' lang='lat' dir='ltr'><strong>ferentes</strong></span> <span class='ocrx_word' id='word_1_131' title='bbox 2324 2014 2596 2091; x_wconf 88' lang='lat' dir='ltr'><strong>(Bekker</strong></span> <span class='ocrx_word' id='word_1_132' title='bbox 2621 2037 2635 2073; x_wconf 76' lang='lat' dir='ltr'><strong><em>z</em></strong></span> 
     </span>
     <span class='ocr_line' id='line_1_17' title="bbox 577 2109 2631 2196; baseline 0.001 -22"><span class='ocrx_word' id='word_1_133' title='bbox 577 2136 659 2176; x_wconf 92' lang='lat' dir='ltr'><strong>or.</strong></span> <span class='ocrx_word' id='word_1_134' title='bbox 703 2119 831 2177; x_wconf 85' lang='lat' dir='ltr'><strong>Att.</strong></span> <span class='ocrx_word' id='word_1_135' title='bbox 881 2119 932 2177; x_wconf 87' lang='lat' dir='ltr'><strong>V</strong></span> <span class='ocrx_word' id='word_1_136' title='bbox 978 2122 1095 2176; x_wconf 88' lang='grc'><strong>651</strong></span> <span class='ocrx_word' id='word_1_137' title='bbox 1147 2117 1262 2196; x_wconf 89' lang='lat' dir='ltr'><strong>sq.)</strong></span> <span class='ocrx_word' id='word_1_138' title='bbox 1308 2125 1369 2177; x_wconf 88' lang='lat' dir='ltr'><strong>et</strong></span> <span class='ocrx_word' id='word_1_139' title='bbox 1410 2118 1564 2180; x_wconf 89' lang='lat' dir='ltr'><strong>XVI</strong></span> <span class='ocrx_word' id='word_1_140' title='bbox 1608 2110 1822 2194; x_wconf 82' lang='grc' dir='ltr'><em>λόγους</em></span> <span class='ocrx_word' id='word_1_141' title='bbox 1865 2109 2228 2190; x_wconf 84' lang='grc' dir='ltr'><em>πολιτικούς,</em></span> <span class='ocrx_word' id='word_1_142' title='bbox 2277 2136 2426 2195; x_wconf 88' lang='lat' dir='ltr'><strong>quos</strong></span> <span class='ocrx_word' id='word_1_143' title='bbox 2472 2118 2631 2177; x_wconf 90' lang='lat' dir='ltr'><strong>Pho-</strong></span> 
     </span>
     <span class='ocr_line' id='line_1_18' title="bbox 575 2218 2627 2298; baseline -0 -20"><span class='ocrx_word' id='word_1_144' title='bbox 575 2218 694 2278; x_wconf 88' lang='lat' dir='ltr'><strong>tius</strong></span> <span class='ocrx_word' id='word_1_145' title='bbox 752 2219 921 2297; x_wconf 90' lang='lat' dir='ltr'><strong>(bibl.</strong></span> <span class='ocrx_word' id='word_1_146' title='bbox 966 2241 1026 2297; x_wconf 91' lang='lat' dir='ltr'><strong>p.</strong></span> <span class='ocrx_word' id='word_1_147' title='bbox 1075 2224 1154 2278; x_wconf 84' lang='lat'><strong>52</strong></span> <span class='ocrx_word' id='word_1_148' title='bbox 1186 2240 1237 2294; x_wconf 90' lang='lat' dir='ltr'><strong>a,</strong></span> <span class='ocrx_word' id='word_1_149' title='bbox 1287 2220 1392 2298; x_wconf 82' lang='lat'><strong>22)</strong></span> <span class='ocrx_word' id='word_1_150' title='bbox 1451 2220 1613 2294; x_wconf 86' lang='lat' dir='ltr'><strong>legit.</strong></span> <span class='ocrx_word' id='word_1_151' title='bbox 1661 2253 1745 2263; x_wconf 88' lang='lat'>—</span> <span class='ocrx_word' id='word_1_152' title='bbox 1797 2219 2326 2279; x_wconf 81' lang='lat' dir='ltr'><strong>Animadversione</strong></span> <span class='ocrx_word' id='word_1_153' title='bbox 2383 2219 2627 2294; x_wconf 86' lang='lat' dir='ltr'><strong>dignum</strong></span> 
     </span>
     <span class='ocr_line' id='line_1_19' title="bbox 574 2321 2627 2403; baseline -0 -23"><span class='ocrx_word' id='word_1_154' title='bbox 574 2327 696 2395; x_wconf 87' lang='lat' dir='ltr'><strong>est,</strong></span> <span class='ocrx_word' id='word_1_155' title='bbox 758 2324 915 2402; x_wconf 90' lang='lat' dir='ltr'><strong>quod</strong></span> <span class='ocrx_word' id='word_1_156' title='bbox 975 2323 1182 2397; x_wconf 88' lang='lat' dir='ltr'><strong>eidem,</strong></span> <span class='ocrx_word' id='word_1_157' title='bbox 1243 2325 1346 2403; x_wconf 88' lang='lat' dir='ltr'><strong>qui</strong></span> <span class='ocrx_word' id='word_1_158' title='bbox 1393 2325 1464 2383; x_wconf 88' lang='lat' dir='ltr'><strong>de</strong></span> <span class='ocrx_word' id='word_1_159' title='bbox 1509 2324 1880 2383; x_wconf 88' lang='lat' dir='ltr'><strong>Lesbonacte</strong></span> <span class='ocrx_word' id='word_1_160' title='bbox 1939 2325 2180 2383; x_wconf 87' lang='lat' dir='ltr'><strong>rhetore</strong></span> <span class='ocrx_word' id='word_1_161' title='bbox 2238 2323 2424 2382; x_wconf 86' lang='lat' dir='ltr'><strong>verba</strong></span> <span class='ocrx_word' id='word_1_162' title='bbox 2466 2321 2627 2395; x_wconf 84' lang='lat' dir='ltr'><strong>fecit,</strong></span> 
     </span>
     <span class='ocr_line' id='line_1_20' title="bbox 572 2417 2627 2504; baseline -0.001 -19"><span class='ocrx_word' id='word_1_163' title='bbox 572 2426 922 2485; x_wconf 79' lang='lat' dir='ltr'><strong>scholiastae</strong></span> <span class='ocrx_word' id='word_1_164' title='bbox 983 2430 1218 2503; x_wconf 90' lang='lat' dir='ltr'><strong>praesto</strong></span> <span class='ocrx_word' id='word_1_165' title='bbox 1281 2427 1399 2487; x_wconf 89' lang='lat' dir='ltr'><strong>fuit</strong></span> <span class='ocrx_word' id='word_1_166' title='bbox 1455 2427 1585 2503; x_wconf 88' lang='lat' dir='ltr'><strong>ipse</strong></span> <span class='ocrx_word' id='word_1_167' title='bbox 1632 2419 2067 2501; x_wconf 80' lang='grc' dir='ltr'><em>Λεσβοόνακτος</em></span> <span class='ocrx_word' id='word_1_168' title='bbox 2130 2421 2267 2504; x_wconf 84' lang='grc' dir='ltr'><em>περὶ</em></span> <span class='ocrx_word' id='word_1_169' title='bbox 2313 2417 2627 2501; x_wconf 81' lang='grc' dir='ltr'><em>σχημάτων</em></span> 
     </span>
     <span class='ocr_line' id='line_1_21' title="bbox 571 2528 2627 2589; baseline 0.001 -3"><span class='ocrx_word' id='word_1_170' title='bbox 571 2528 826 2588; x_wconf 86' lang='lat' dir='ltr'><strong>libellus.</strong></span> <span class='ocrx_word' id='word_1_171' title='bbox 916 2530 1005 2588; x_wconf 88' lang='lat' dir='ltr'><strong>De</strong></span> <span class='ocrx_word' id='word_1_172' title='bbox 1069 2536 1308 2589; x_wconf 88' lang='lat' dir='ltr'><strong>auctore</strong></span> <span class='ocrx_word' id='word_1_173' title='bbox 1374 2530 1531 2589; x_wconf 89' lang='lat' dir='ltr'><strong>enim</strong></span> <span class='ocrx_word' id='word_1_174' title='bbox 1595 2530 1804 2588; x_wconf 86' lang='lat' dir='ltr'><strong>scholii</strong></span> <span class='ocrx_word' id='word_1_175' title='bbox 1850 2529 2131 2589; x_wconf 88' lang='lat' dir='ltr'><strong>Lucianei</strong></span> <span class='ocrx_word' id='word_1_176' title='bbox 2189 2548 2348 2588; x_wconf 91' lang='lat' dir='ltr'><strong>nunc</strong></span> <span class='ocrx_word' id='word_1_177' title='bbox 2410 2529 2627 2589; x_wconf 88' lang='lat' dir='ltr'><strong>certius</strong></span> 
     </span>
     <span class='ocr_line' id='line_1_22' title="bbox 568 2631 2625 2712; baseline 0 -23"><span class='ocrx_word' id='word_1_178' title='bbox 568 2632 829 2692; x_wconf 89' lang='lat' dir='ltr'><strong>iudicare</strong></span> <span class='ocrx_word' id='word_1_179' title='bbox 872 2631 1029 2705; x_wconf 88' lang='lat' dir='ltr'><strong>licet,</strong></span> <span class='ocrx_word' id='word_1_180' title='bbox 1075 2638 1389 2712; x_wconf 86' lang='lat' dir='ltr'><strong>postquam</strong></span> <span class='ocrx_word' id='word_1_181' title='bbox 1434 2634 1501 2692; x_wconf 91' lang='lat' dir='ltr'><strong>E.</strong></span> <span class='ocrx_word' id='word_1_182' title='bbox 1547 2633 1745 2691; x_wconf 81' lang='lat' dir='ltr'><strong>Maass</strong></span> <span class='ocrx_word' id='word_1_183' title='bbox 1790 2652 1899 2691; x_wconf 88' lang='lat' dir='ltr'><strong>nos</strong></span> <span class='ocrx_word' id='word_1_184' title='bbox 1944 2633 2017 2690; x_wconf 89' lang='lat' dir='ltr'><strong>de</strong></span> <span class='ocrx_word' id='word_1_185' title='bbox 2062 2631 2263 2691; x_wconf 88' lang='lat' dir='ltr'><strong>codice</strong></span> <span class='ocrx_word' id='word_1_186' title='bbox 2310 2631 2625 2705; x_wconf 89' lang='lat' dir='ltr'><strong>Lucianeo,</strong></span> 
     </span>
     <span class='ocr_line' id='line_1_23' title="bbox 571 2734 2627 2808; baseline 0 -16"><span class='ocrx_word' id='word_1_187' title='bbox 571 2736 727 2792; x_wconf 88' lang='lat' dir='ltr'><strong>unde</strong></span> <span class='ocrx_word' id='word_1_188' title='bbox 773 2734 1062 2794; x_wconf 91' lang='lat' dir='ltr'><strong>scholium</strong></span> <span class='ocrx_word' id='word_1_189' title='bbox 1107 2734 1255 2793; x_wconf 89' lang='lat' dir='ltr'><strong>illud</strong></span> <span class='ocrx_word' id='word_1_190' title='bbox 1298 2736 1576 2795; x_wconf 88' lang='lat' dir='ltr'><strong>haustum</strong></span> <span class='ocrx_word' id='word_1_191' title='bbox 1623 2742 1731 2808; x_wconf 88' lang='lat' dir='ltr'><strong>est,</strong></span> <span class='ocrx_word' id='word_1_192' title='bbox 1782 2740 1845 2794; x_wconf 90' lang='lat' dir='ltr'><strong>et</strong></span> <span class='ocrx_word' id='word_1_193' title='bbox 1887 2737 1959 2794; x_wconf 89' lang='lat' dir='ltr'><strong>de</strong></span> <span class='ocrx_word' id='word_1_194' title='bbox 2002 2734 2264 2808; x_wconf 89' lang='lat' dir='ltr'><strong>homine,</strong></span> <span class='ocrx_word' id='word_1_195' title='bbox 2311 2734 2405 2794; x_wconf 90' lang='lat' dir='ltr'><strong>cui</strong></span> <span class='ocrx_word' id='word_1_196' title='bbox 2449 2739 2627 2794; x_wconf 89' lang='lat' dir='ltr'><strong>notae</strong></span> 
     </span>
     <span class='ocr_line' id='line_1_24' title="bbox 570 2836 2622 2912; baseline 0 -18"><span class='ocrx_word' id='word_1_197' title='bbox 570 2836 642 2894; x_wconf 89' lang='lat' dir='ltr'><strong>ad</strong></span> <span class='ocrx_word' id='word_1_198' title='bbox 687 2836 939 2895; x_wconf 83' lang='lat' dir='ltr'><strong>Luciani</strong></span> <span class='ocrx_word' id='word_1_199' title='bbox 981 2836 1164 2895; x_wconf 86' lang='lat' dir='ltr'><strong>verba</strong></span> <span class='ocrx_word' id='word_1_200' title='bbox 1209 2836 1498 2912; x_wconf 84' lang='lat' dir='ltr'><strong>ascriptae</strong></span> <span class='ocrx_word' id='word_1_201' title='bbox 1544 2838 1852 2911; x_wconf 87' lang='lat' dir='ltr'><strong>debentur,</strong></span> <span class='ocrx_word' id='word_1_202' title='bbox 1916 2836 2282 2897; x_wconf 87' lang='lat' dir='ltr'><strong>accuratiora</strong></span> <span class='ocrx_word' id='word_1_203' title='bbox 2326 2836 2527 2896; x_wconf 85' lang='lat' dir='ltr'><strong>docuit</strong></span> <span class='ocrx_word' id='word_1_204' title='bbox 2546 2838 2622 2912; x_wconf 76' lang='lat'><strong>²).</strong></span> 
     </span>
     <span class='ocr_line' id='line_1_25' title="bbox 574 2939 2625 3018; baseline 0 -21"><span class='ocrx_word' id='word_1_205' title='bbox 574 2939 726 2997; x_wconf 86' lang='lat' dir='ltr'><strong>Nam</strong></span> <span class='ocrx_word' id='word_1_206' title='bbox 765 2958 897 2998; x_wconf 93' lang='lat' dir='ltr'><strong>cum</strong></span> <span class='ocrx_word' id='word_1_207' title='bbox 927 2940 1233 3012; x_wconf 86' lang='lat' dir='ltr'><strong>Aretham,</strong></span> <span class='ocrx_word' id='word_1_208' title='bbox 1282 2958 1456 3018; x_wconf 88' lang='lat' dir='ltr'><strong>quem</strong></span> <span class='ocrx_word' id='word_1_209' title='bbox 1501 2959 1552 3001; x_wconf 92' lang='lat' dir='ltr'><strong>a.</strong></span> <span class='ocrx_word' id='word_1_210' title='bbox 1585 2945 1710 2999; x_wconf 86' lang='lat'><strong>914</strong></span> <span class='ocrx_word' id='word_1_211' title='bbox 1740 2939 2169 3018; x_wconf 88' lang='lat' dir='ltr'><strong>archiepiscopi</strong></span> <span class='ocrx_word' id='word_1_212' title='bbox 2201 2939 2625 3012; x_wconf 71' lang='lat' dir='ltr'><strong>Caesar-censis,</strong></span> 
     </span>
     <span class='ocr_line' id='line_1_26' title="bbox 572 3041 2624 3115; baseline 0 -16"><span class='ocrx_word' id='word_1_213' title='bbox 572 3059 814 3100; x_wconf 89' lang='lat' dir='ltr'><strong>munere</strong></span> <span class='ocrx_word' id='word_1_214' title='bbox 874 3041 1142 3100; x_wconf 80' lang='lat' dir='ltr'><strong>functum</strong></span> <span class='ocrx_word' id='word_1_215' title='bbox 1204 3059 1331 3100; x_wconf 87' lang='lat' dir='ltr'><strong>esse</strong></span> <span class='ocrx_word' id='word_1_216' title='bbox 1390 3041 1698 3115; x_wconf 84' lang='lat' dir='ltr'><strong>novimus,</strong></span> <span class='ocrx_word' id='word_1_217' title='bbox 1759 3041 1824 3099; x_wconf 89' lang='lat' dir='ltr'><strong>in</strong></span> <span class='ocrx_word' id='word_1_218' title='bbox 1886 3041 2103 3102; x_wconf 89' lang='lat' dir='ltr'><strong>codicis</strong></span> <span class='ocrx_word' id='word_1_219' title='bbox 2159 3041 2320 3100; x_wconf 85' lang='lat' dir='ltr'><strong>illius</strong></span> <span class='ocrx_word' id='word_1_220' title='bbox 2376 3041 2624 3100; x_wconf 88' lang='lat' dir='ltr'><strong>Luciani</strong></span> 
     </span>
     <span class='ocr_line' id='line_1_27' title="bbox 572 3141 2624 3223; baseline 0 -22"><span class='ocrx_word' id='word_1_221' title='bbox 572 3144 838 3218; x_wconf 87' lang='lat' dir='ltr'><strong>margine</strong></span> <span class='ocrx_word' id='word_1_222' title='bbox 898 3199 926 3222; x_wconf 41' lang='grc' dir='ltr'><strong>ι,</strong></span> <span class='ocrx_word' id='word_1_223' title='bbox 948 3143 1172 3202; x_wconf 87' lang='lat' dir='ltr'><strong>scholia</strong></span> <span class='ocrx_word' id='word_1_224' title='bbox 1232 3148 1527 3223; x_wconf 90' lang='lat' dir='ltr'><strong>quotquot</strong></span> <span class='ocrx_word' id='word_1_225' title='bbox 1571 3151 1711 3203; x_wconf 88' lang='lat' dir='ltr'><strong>sunt</strong></span> <span class='ocrx_word' id='word_1_226' title='bbox 1754 3144 2002 3223; x_wconf 82' lang='lat' dir='ltr'><strong>antiqua</strong></span> <span class='ocrx_word' id='word_1_227' title='bbox 2018 3141 2046 3169; x_wconf 88' lang='lat'><strong>&#39;’</strong></span> <span class='ocrx_word' id='word_1_228' title='bbox 2093 3163 2198 3202; x_wconf 88' lang='lat' dir='ltr'><strong>sua</strong></span> <span class='ocrx_word' id='word_1_229' title='bbox 2240 3162 2419 3201; x_wconf 87' lang='lat' dir='ltr'><strong>manu</strong></span> <span class='ocrx_word' id='word_1_230' title='bbox 2463 3144 2624 3202; x_wconf 86' lang='lat' dir='ltr'><strong>addi-</strong></span> 
     </span>
     <span class='ocr_line' id='line_1_28' title="bbox 568 3244 2621 3325; baseline -0 -20"><span class='ocrx_word' id='word_1_231' title='bbox 568 3247 722 3305; x_wconf 89' lang='lat' dir='ltr'><strong>disse</strong></span> <span class='ocrx_word' id='word_1_232' title='bbox 767 3246 964 3304; x_wconf 81' lang='lat' dir='ltr'><strong>Maass</strong></span> <span class='ocrx_word' id='word_1_233' title='bbox 1007 3249 1290 3318; x_wconf 87' lang='lat' dir='ltr'><strong>testetur,</strong></span> <span class='ocrx_word' id='word_1_234' title='bbox 1351 3301 1378 3324; x_wconf 45' lang='grc' dir='ltr'><strong>ιι</strong></span> <span class='ocrx_word' id='word_1_235' title='bbox 1399 3244 1582 3306; x_wconf 88' lang='lat' dir='ltr'><strong>fuisse</strong></span> <span class='ocrx_word' id='word_1_236' title='bbox 1642 3265 1903 3325; x_wconf 89' lang='lat' dir='ltr'><strong>unquam</strong></span> <span class='ocrx_word' id='word_1_237' title='bbox 1918 3291 1938 3323; x_wconf 94' lang='lat'><strong>,</strong></span> <span class='ocrx_word' id='word_1_238' title='bbox 2002 3246 2104 3324; x_wconf 91' lang='lat' dir='ltr'><strong>qui</strong></span> <span class='ocrx_word' id='word_1_239' title='bbox 2174 3246 2373 3305; x_wconf 87' lang='lat' dir='ltr'><strong>dedita</strong></span> <span class='ocrx_word' id='word_1_240' title='bbox 2441 3265 2621 3321; x_wconf 88' lang='lat' dir='ltr'><strong>opera</strong></span> 
     </span>
     <span class='ocr_line' id='line_1_29' title="bbox 571 3347 2626 3423; baseline 0 -17"><span class='ocrx_word' id='word_1_241' title='bbox 571 3349 900 3408; x_wconf 90' lang='lat' dir='ltr'><strong>Lucianum</strong></span> <span class='ocrx_word' id='word_1_242' title='bbox 945 3353 1261 3421; x_wconf 88' lang='lat' dir='ltr'><strong>enarraret,</strong></span> <span class='ocrx_word' id='word_1_243' title='bbox 1323 3348 1488 3407; x_wconf 91' lang='lat' dir='ltr'><strong>nullo</strong></span> <span class='ocrx_word' id='word_1_244' title='bbox 1549 3347 1906 3408; x_wconf 89' lang='lat' dir='ltr'><strong>scholiorum</strong></span> <span class='ocrx_word' id='word_1_245' title='bbox 1960 3347 2213 3423; x_wconf 83' lang='lat' dir='ltr'><strong>vestigio</strong></span> <span class='ocrx_word' id='word_1_246' title='bbox 2260 3349 2626 3409; x_wconf 89' lang='lat' dir='ltr'><strong>demonstra·</strong></span> 
     </span>
     <span class='ocr_line' id='line_1_30' title="bbox 572 3449 2621 3531; baseline -0.001 -20"><span class='ocrx_word' id='word_1_247' title='bbox 572 3449 715 3512; x_wconf 88' lang='lat' dir='ltr'><strong>tur’&#39;</strong></span> <span class='ocrx_word' id='word_1_248' title='bbox 763 3451 984 3528; x_wconf 84' lang='lat' dir='ltr'><strong>(Maass</strong></span> <span class='ocrx_word' id='word_1_249' title='bbox 1028 3470 1086 3526; x_wconf 92' lang='lat' dir='ltr'><strong>p.</strong></span> <span class='ocrx_word' id='word_1_250' title='bbox 1135 3450 1276 3524; x_wconf 78' lang='lat'><strong>783,</strong></span> <span class='ocrx_word' id='word_1_251' title='bbox 1326 3450 1404 3528; x_wconf 89' lang='grc'><strong>5).</strong></span> <span class='ocrx_word' id='word_1_252' title='bbox 1493 3451 1709 3531; x_wconf 90' lang='lat' dir='ltr'><strong>Itaque</strong></span> <span class='ocrx_word' id='word_1_253' title='bbox 1764 3471 1884 3510; x_wconf 89' lang='lat' dir='ltr'><strong>non</strong></span> <span class='ocrx_word' id='word_1_254' title='bbox 1947 3452 2187 3525; x_wconf 91' lang='lat' dir='ltr'><strong>dubito,</strong></span> <span class='ocrx_word' id='word_1_255' title='bbox 2251 3451 2397 3531; x_wconf 91' lang='lat' dir='ltr'><strong>quin</strong></span> <span class='ocrx_word' id='word_1_256' title='bbox 2443 3452 2621 3510; x_wconf 90' lang='lat' dir='ltr'><strong>etiam</strong></span> 
     </span>
    </p>
   </div>
   <div class='ocr_carea' id='block_1_3' title="bbox 572 3642 982 3651">
    <p class='ocr_par' dir='ltr' id='par_1_3' title="bbox 572 3642 982 3651">
     <span class='ocr_line' id='line_1_31' title="bbox 572 3642 982 3651; baseline 0 1299"><span class='ocrx_word' id='word_1_257' title='bbox 572 3642 982 3651; x_wconf 95' lang='lat' dir='ltr'><strong> </strong></span> 
     </span>
    </p>
   </div>
   <div class='ocr_carea' id='block_1_4' title="bbox 569 3742 2622 4152">
    <p class='ocr_par' dir='ltr' id='par_1_4' title="bbox 569 3742 2622 3976">
     <span class='ocr_line' id='line_1_32' title="bbox 711 3742 2622 3808; baseline -0.002 -17"><span class='ocrx_word' id='word_1_258' title='bbox 711 3743 763 3808; x_wconf 88' lang='lat'><strong>1)</strong></span> <span class='ocrx_word' id='word_1_259' title='bbox 799 3743 910 3803; x_wconf 77' lang='lat' dir='ltr'><strong>Quo</strong></span> <span class='ocrx_word' id='word_1_260' title='bbox 960 3743 1159 3791; x_wconf 88' lang='lat' dir='ltr'><strong>nomine</strong></span> <span class='ocrx_word' id='word_1_261' title='bbox 1205 3744 1356 3803; x_wconf 83' lang='lat' dir='ltr'><strong>vulgo</strong></span> <span class='ocrx_word' id='word_1_262' title='bbox 1398 3744 1555 3791; x_wconf 85' lang='lat' dir='ltr'><strong>fertur</strong></span> <span class='ocrx_word' id='word_1_263' title='bbox 1590 3742 1698 3789; x_wconf 81' lang='lat' dir='ltr'><strong>cod.</strong></span> <span class='ocrx_word' id='word_1_264' title='bbox 1734 3743 2032 3791; x_wconf 85' lang='lat' dir='ltr'><strong>Harleianus</strong></span> <span class='ocrx_word' id='word_1_265' title='bbox 2068 3743 2197 3790; x_wconf 84' lang='lat' dir='ltr'><strong>inter</strong></span> <span class='ocrx_word' id='word_1_266' title='bbox 2232 3742 2390 3790; x_wconf 81' lang='lat' dir='ltr'><strong>Musei</strong></span> <span class='ocrx_word' id='word_1_267' title='bbox 2426 3742 2622 3789; x_wconf 84' lang='lat' dir='ltr'><strong>Britan-</strong></span> 
     </span>
     <span class='ocr_line' id='line_1_33' title="bbox 569 3826 2620 3890; baseline -0.001 -13"><span class='ocrx_word' id='word_1_268' title='bbox 569 3831 668 3877; x_wconf 88' lang='lat' dir='ltr'><strong>nici</strong></span> <span class='ocrx_word' id='word_1_269' title='bbox 703 3845 818 3878; x_wconf 82' lang='lat' dir='ltr'><strong>mss.</strong></span> <span class='ocrx_word' id='word_1_270' title='bbox 849 3830 981 3878; x_wconf 79' lang='lat'>5694</span> <span class='ocrx_word' id='word_1_271' title='bbox 1018 3830 1139 3890; x_wconf 87' lang='lat' dir='ltr'><strong>plut.</strong></span> <span class='ocrx_word' id='word_1_272' title='bbox 1166 3828 1329 3875; x_wconf 86' lang='lat' dir='ltr'>LXIV</span> <span class='ocrx_word' id='word_1_273' title='bbox 1355 3829 1396 3874; x_wconf 94' lang='lat' dir='ltr'>B</span> <span class='ocrx_word' id='word_1_274' title='bbox 1425 3832 1521 3888; x_wconf 79' lang='lat'><strong>183</strong></span> <span class='ocrx_word' id='word_1_275' title='bbox 1558 3828 1622 3877; x_wconf 84' lang='lat' dir='ltr'><strong>cf.</strong></span> <span class='ocrx_word' id='word_1_276' title='bbox 1650 3826 1924 3888; x_wconf 74' lang='lat' dir='ltr'><strong>catalogue</strong></span> <span class='ocrx_word' id='word_1_277' title='bbox 1960 3828 2016 3875; x_wconf 82' lang='lat' dir='ltr'><strong>of</strong></span> <span class='ocrx_word' id='word_1_278' title='bbox 2044 3829 2267 3876; x_wconf 86' lang='lat' dir='ltr'><strong>ancients</strong></span> <span class='ocrx_word' id='word_1_279' title='bbox 2292 3829 2620 3888; x_wconf 82' lang='lat' dir='ltr'><strong>manuscripts</strong></span> 
     </span>
     <span class='ocr_line' id='line_1_34' title="bbox 570 3902 2485 3976; baseline -0.001 -14"><span class='ocrx_word' id='word_1_280' title='bbox 570 3917 621 3963; x_wconf 89' lang='lat' dir='ltr'><strong>in</strong></span> <span class='ocrx_word' id='word_1_281' title='bbox 658 3917 741 3963; x_wconf 85' lang='lat' dir='ltr'><strong>the</strong></span> <span class='ocrx_word' id='word_1_282' title='bbox 778 3916 964 3963; x_wconf 84' lang='lat' dir='ltr'><strong>British</strong></span> <span class='ocrx_word' id='word_1_283' title='bbox 998 3902 1226 3962; x_wconf 82' lang='lat' dir='ltr'><strong>Museum</strong></span> <span class='ocrx_word' id='word_1_284' title='bbox 1261 3915 1328 3976; x_wconf 81' lang='lat' dir='ltr'><strong>by</strong></span> <span class='ocrx_word' id='word_1_285' title='bbox 1361 3915 1426 3961; x_wconf 80' lang='lat' dir='ltr'><strong>M.</strong></span> <span class='ocrx_word' id='word_1_286' title='bbox 1466 3915 1770 3975; x_wconf 84' lang='lat' dir='ltr'><strong>Thompson,</strong></span> <span class='ocrx_word' id='word_1_287' title='bbox 1807 3916 1829 3961; x_wconf 89' lang='lat'>1</span> <span class='ocrx_word' id='word_1_288' title='bbox 1867 3912 2047 3974; x_wconf 79' lang='lat' dir='ltr'><strong>Greek,</strong></span> <span class='ocrx_word' id='word_1_289' title='bbox 2085 3915 2296 3961; x_wconf 86' lang='lat' dir='ltr'><strong>London</strong></span> <span class='ocrx_word' id='word_1_290' title='bbox 2336 3916 2485 3962; x_wconf 90' lang='lat'><strong>1881.</strong></span> 
     </span>
    </p>

    <p class='ocr_par' dir='ltr' id='par_1_5' title="bbox 570 3999 2621 4152">
     <span class='ocr_line' id='line_1_35' title="bbox 710 3999 2621 4066; baseline -0.001 -16"><span class='ocrx_word' id='word_1_291' title='bbox 710 4001 762 4064; x_wconf 86' lang='lat'><strong>2)</strong></span> <span class='ocrx_word' id='word_1_292' title='bbox 799 4001 1189 4049; x_wconf 82' lang='lat' dir='ltr'><strong>Observationes</strong></span> <span class='ocrx_word' id='word_1_293' title='bbox 1225 4000 1692 4065; x_wconf 80' lang='lat' dir='ltr'><strong>palaeographicae,</strong></span> <span class='ocrx_word' id='word_1_294' title='bbox 1741 4000 1997 4066; x_wconf 73' lang='lat' dir='ltr'><strong>Melanges</strong></span> <span class='ocrx_word' id='word_1_295' title='bbox 2039 3999 2237 4061; x_wconf 83' lang='lat' dir='ltr'><strong>Graux,</strong></span> <span class='ocrx_word' id='word_1_296' title='bbox 2289 4001 2434 4048; x_wconf 83' lang='lat' dir='ltr'><strong>Paris</strong></span> <span class='ocrx_word' id='word_1_297' title='bbox 2474 4001 2621 4065; x_wconf 76' lang='lat'><strong>1884,</strong></span> 
     </span>
     <span class='ocr_line' id='line_1_36' title="bbox 570 4088 872 4152; baseline 0 -15"><span class='ocrx_word' id='word_1_298' title='bbox 570 4104 621 4152; x_wconf 82' lang='lat' dir='ltr'><strong>p.</strong></span> <span class='ocrx_word' id='word_1_299' title='bbox 659 4088 756 4136; x_wconf 80' lang='lat'><strong>⁷59</strong></span> <span class='ocrx_word' id='word_1_300' title='bbox 795 4101 872 4150; x_wconf 81' lang='lat' dir='ltr'><strong>sq.</strong></span> 
     </span>
    </p>
   </div>
  </div>
 </body>
</html>
