3234 4950
566 372 667 434 111
1388 409 1463 418 ..-
1555 364 1638 435 69
1727 407 1807 417 ...

559 565 684 604 esse
737 545 1039 606 didicerat.
1129 546 1307 605 Cuius
1373 544 1671 622 opinionis
1715 545 1870 603 haud
1904 544 2023 604 scio
2069 564 2141 603 an
2190 545 2379 604 socios
2423 545 2607 604 habu-

557 649 688 721 erit,
735 649 837 728 qui
884 672 916 727 y
949 654 984 707 2
1032 647 1347 731 ιιφαει’νῃ”
1397 648 1663 724 optativo
1711 699 1741 727 4,
1761 646 1998 721 φαείνοι
2018 645 2066 721 ”,
2113 667 2287 728 quem
2314 649 2606 708 Ven.456

557 752 716 811 solus
762 752 1024 825 exhibet,
1071 753 1502 828 praeferebant,
1548 771 1743 831 neque
1791 751 1984 831 minus
2029 752 2304 810 Ixionem
2355 750 2607 810 Aristar-

558 856 800 928 cheum,
867 875 1041 935 quem
1081 874 1106 912 ε
1153 860 1273 913 490
1322 846 1538 938 “affy’'
1586 855 1891 931 scripsisse
1938 855 2117 914 schol.
2164 855 2243 914 H.
2274 856 2338 912 P.
2387 857 2608 912 testan-

557 963 673 1017 tur.
745 957 1098 1038 Quanquam
1144 959 1380 1017 scholae
1422 958 1754 1035 principem
1786 958 1873 1016 illi
1910 957 2213 1017 doctrinae
2242 977 2363 1016 non
2390 956 2608 1015 favisse

553 1062 691 1121 inde
737 1062 1040 1134 concludo,
1087 1062 1243 1140 quod
1288 1061 1452 1119 nullo
1501 1061 1705 1120 Iliadis
1748 1061 1907 1134 loco,
1968 1081 2083 1140 quo
2133 1057 2311 1140 “i'voc',
2360 1052 2606 1139 ιὸπωςζ

555 1158 779 1245 ‘depone’
828 1185 958 1224 cum
1006 1177 1124 1240 opt.
1173 1164 1645 1240 coniunguntur,
1710 1164 1776 1220 in
1837 1162 2078 1223 scholiis
2140 1163 2453 1242 quicquam
2509 1163 2606 1219 ad-

556 1273 822 1327 notatum
867 1267 1069 1328 inveni
1117 1285 1312 1347 nequa
1358 1268 1770 1340 consentiunt,
1828 1285 1978 1346 quae
2025 1268 2095 1324 de
2142 1264 2431 1342 particula
2476 1256 2606 1344 ‘biv’

554 1378 615 1430 et
660 1366 783 1450 ‘ua'
830 1372 890 1429 in
942 1372 1203 1429 membro
1249 1371 1548 1446 pendente
1593 1374 1877 1445 usurpata
1920 1366 2323 1445 constituitl).

723 1495 780 1550 p.
801 1479 900 1548 49,
926 1474 997 1532 17
1020 1478 1090 1546 A,
1119 1478 1192 1531 13
1213 1473 1279 1533 B.
1315 1472 1669 1550 Exemplum
1693 1474 1942 1533 fortasse
1968 1491 2001 1530 e
2019 1471 2311 1548 periegesi
2330 1471 2606 1530 haustum

553 1579 625 1636 ab
676 1581 725 1634 A
771 1578 855 1636 ita
898 1577 1212 1653 profertur,
1275 1582 1342 1635 ut
1388 1596 1505 1634 non
1552 1577 1785 1649 habeat,
1851 1576 2008 1654 quod
2053 1575 2273 1634 rationi
2318 1593 2604 1650 gramma-

551 1680 705 1740 ticae
752 1682 977 1739 obstet:
1025 1674 1477 1758 απαρεπλέομεν
1522 1670 1634 1737 δύο
1680 1672 1877 1748 πόλεις
1924 1677 1990 1736 αἳ
2020 1678 2340 1736 καλοῦνται
2370 1671 2606 1752 Σηστός

553 1779 649 1840 καὶ
670 1775 1017 1859 ’Ἀβυδος”;
1053 1789 1392 1858 corruptum
1424 1782 1726 1841 codicibus
1749 1783 1797 1840 Β
1828 1781 2097 1854 traditur,
2132 1800 2380 1861 quorum
2404 1781 2604 1840 arche-

553 1891 761 1963 typum
807 1885 1157 1962 pronomine
1203 1884 1416 1944 omisso
1465 1885 1580 1943 duo
1625 1884 1858 1961 integra
1904 1885 2212 1944 enuntiata
2241 1884 2457 1944 vitiose
2502 1904 2605 1942 ex-

554 1988 816 2047 hibuisse
877 2009 909 2047 e
970 2007 1261 2047 consensu
1307 1988 1356 2044 L
1403 1987 1451 2045 O
1499 1993 1524 2046 t
1571 1987 1801 2063 colligo.
1905 1987 2260 2048 Recensioni
2314 1992 2363 2045 A
2408 1992 2607 2063 patro-

552 2091 734 2151 cinari
781 2091 1061 2152 videntur
1101 2091 1402 2163 rhetoras,
1468 2109 1616 2170 quos
1659 2089 1831 2148 libris
1888 2091 1958 2151 de
2004 2090 2211 2166 figuris
2257 2089 2605 2165 conscriptis

550 2194 724 2254 etiam
788 2193 1298 2270 grammaticorum
1361 2193 1609 2270 placita,
1675 2211 1825 2271 quae
1891 2194 1963 2251 ad
2021 2193 2598 2272 “inconsequentem

553 2297 877 2357 orationem
896 2295 923 2322 '⁷
988 2296 1387 2375 pertinerent,
1458 2295 1789 2356 intexuisse
1847 2300 2050 2355 notum
2113 2301 2219 2354 est.
2310 2296 2480 2367 Nam,
2540 2300 2607 2354 ut

552 2400 796 2460 Latinos
859 2399 1116 2471 mittam,
1177 2417 1328 2479 quae
1391 2420 1435 2458 s.
1497 2399 1596 2474 fig.
1659 2389 1963 2467 ἀλλοίωσις
2023 2398 2298 2457 Tiberius
2363 2396 2603 2456 Caecilii

551 2504 898 2564 auctoritate
960 2504 1084 2581 (Sp.
1131 2505 1220 2563 rh.
1269 2504 1367 2564 Gr.
1416 2505 1512 2562 III
1562 2502 1686 2578 80),
1751 2502 2093 2562 Alexander
2136 2503 2262 2581 (ΙΙΙ
2309 2501 2432 2580 33),
2496 2504 2604 2561 Ζο-

551 2626 734 2666 naeus
779 2607 904 2683 (ΙΙΙ
953 2605 1118 2683 168),
1181 2628 1225 2667 S.
1272 2607 1447 2666 titulo
1502 2602 1637 2685 περὶ
1682 2605 1797 2664 τῶν
1842 2608 1951 2682 τῆς
1997 2602 2314 2684 ἔναλλαγῆς
2359 2598 2597 2682 (σχημά.

551 2710 691 2783 των)
757 2711 1200 2769 Phoebammon
1263 2709 1387 2787 (ΙΙΙ
1435 2711 1569 2786 49),
1636 2731 1681 2772 s,
1738 2710 1915 2770 titulo
1983 2704 2119 2787 περὶ
2181 2709 2602 2785 καινοπρεπῶν

549 2804 860 2888 σχημάτων
906 2812 1009 2888 τῆς
1053 2815 1108 2871 Α
1155 2817 1505 2889 Anonymus
1550 2814 1679 2890 (ΙΙΙ
1727 2813 1873 2890 149)
1920 2814 1990 2872 de
2036 2813 2278 2872 mutatis
2320 2812 2599 2884 numeris,

546 2915 847 2991 personis,
926 2916 1189 2988 casibuS,
1269 2916 1637 2991 temporibus
1716 2922 1824 2975 etc.
1903 2920 2241 2992 exponunt,
2318 2915 2598 2994 pleraque

547 3019 942 3092 grammaticis
986 3024 1231 3093 accepta
1273 3019 1557 3077 referunt.
1624 3021 1821 3097 Atque
1863 3018 1951 3076 illi
2000 3037 2166 3077 casus
2212 3021 2598 3077 commutatos

545 3140 673 3179 esse
718 3120 1007 3196 exemplis
1052 3127 1254 3179 nostro
1300 3120 1474 3195 plane
1522 3120 1813 3180 similibus
1845 3121 2117 3196 probant.
2187 3120 2408 3179 Audias
2439 3120 2594 3177 enim

549 3224 952 3282 Alexandrum
1000 3224 1122 3299 (ΙΙΙ
1171 3229 1269 3296 34,
1322 3225 1413 3298 1):
1460 3215 1740 3292 πτώσεως
1787 3217 1849 3281 δὲ
1894 3216 2112 3301 ἀλλαγὴ
2156 3218 2258 3281 καὶ
2303 3214 2595 3298 μεταβολὴ

550 3320 707 3386 οὕτω
753 3325 1151 3402 σχηματίζεται
1213 3317 1372 3403 παρα
1419 3328 1545 3394 τοῖς
1589 3327 1894 3394 παλαιοῖς·
1964 3318 2147 3405 ιιτούς
2192 3320 2297 3401 μὲν
2344 3312 2453 3384 οὖν
2498 3317 2595 3384 ἅλ-

542 3432 702 3500 λους,
750 3422 880 3488 ὅσοι
927 3422 1077 3506 πρὸς
1120 3422 1191 3486 τοὶ
1238 3422 1412 3486 κοινοὶ
1457 3426 1704 3497 δικαίως
1747 3425 2193 3508 προσέρχονται,
2256 3421 2368 3486 κᾶν
2413 3426 2593 3487 δεδω-

542 3525 711 3602 κότες
771 3518 916 3590 οἷσιν
977 3523 1270 3602 εὐθύνας,
1343 3524 1449 3605 τήν
1509 3523 1803 3609 ἀειλογίαν
1865 3524 1989 3610 6ρῶ
2052 3527 2591 3609 προτεινομένους”

541 3636 734 3713 (Dem.
780 3630 913 3712 περὶ
957 3631 1326 3712 παραπρεσβ.
1376 3633 1594 3710 initio).
1665 3626 1783 3693 ἆπὸ
1832 3628 1941 3713 γὰρ
1973 3635 2079 3710 τῆς
2124 3631 2449 3711 αἰτιατικῆς
2493 3630 2592 3694 ἐπὶ

540 3731 646 3811 τήν
692 3729 937 3796 εὐθεῖαν
983 3730 1223 3814 ἐτράπη.
1270 3732 1372 3793 καὶ
1406 3729 1473 3794 τοὶ
1503 3728 1807 3814 ΓΟμηρικοὶ
1841 3789 1870 3817 u
1885 3738 2062 3813 μῆνιν
2092 3731 2247 3796 ἄειδε
2278 3730 2394 3796 θεοὶ
2418 3731 2590 3797 οὖλο-

540 3837 723 3915 μένην
767 3833 807 3916 ἢ
852 3839 1033 3918 μυρία
1051 3838 1079 3866 ”
1128 3841 1211 3919 (A
1247 3841 1307 3915 1)
1335 3835 1436 3897 καὶ
1470 3833 1648 3898 πάλιν
1682 3832 1916 3920 ιιόἷνδρα
1948 3861 2052 3915 μοι
2082 3837 2303 3913 ἔννεπε,
2338 3842 2587 3912 Μοῦσα,

674 4061 725 4126 2)
763 4063 825 4112 cf.
865 4062 1234 4122 Friedlacnder,
1271 4060 1626 4124 schematolog.
1666 4064 1818 4112 Arist.
1858 4079 1906 4124 p.
1948 4068 1977 4116 9
2004 4078 2076 4127 sq.
