3234 4950
565 322 656 383 IV·
1386 320 1799 388 -79-

566 515 601 554 a
644 496 979 556 Stesichoro
1041 495 1280 575 quidem
1327 497 1426 557 vel
1471 497 1774 556 Simonide
1823 498 2232 559 denominatae
2285 503 2347 558 et
2389 496 2613 571 dubito,

567 619 707 657 num
769 598 1112 675 investigari
1171 601 1376 677 possit.
1479 600 1773 679 Perquam
1836 601 1991 660 enim
2070 602 2448 662 memorabile
2508 608 2612 673 est,

567 702 724 781 quod
769 702 945 761 etiam
992 702 1371 763 Herodianus
1417 725 1477 762 π.
1524 718 1691 779 σχημ.
1738 703 1865 780 (Sp.
1896 704 1998 763 ΙΙΙ
2037 708 2175 778 ΙὈΟ,
2230 703 2392 782 101),
2438 723 2613 783 quem

565 805 729 862 nullo
775 805 1142 865 necessitatis
1187 807 1424 866 vinculo
1470 826 1603 865 cum
1652 805 2017 866 Lesbonacte
2063 809 2439 867 coniunctum
2486 826 2614 866 esse

565 907 721 966 infra
748 908 856 987 (V)
886 909 1170 984 probabo,
1222 910 1368 969 haec
1411 915 1640 969 tantum
1688 910 1803 969 tria
1847 911 2146 969 schemata
2189 929 2224 968 a
2266 910 2469 988 lyricis
2514 912 2611 968 de·

565 1011 866 1070 nominata
908 1020 1343 1085 commemorat,
1391 1032 1522 1072 cum
1568 1030 1745 1071 causa
1788 1012 2114 1088 excogitari
2160 1017 2448 1092 nequeat,
2510 1033 2614 1072 cur

563 1112 809 1190 reliqua,
857 1113 905 1171 si
952 1114 1124 1172 modo
1170 1114 1558 1188 exstitissent,
1605 1113 1983 1189 neglexisset.

735 1216 1122 1276 Transeamus
1165 1218 1236 1276 ad
1283 1217 1537 1294 figuras,
1601 1237 1749 1297 quas
1808 1218 2108 1277 urbium
2156 1217 2470 1277 incolae
2516 1219 2613 1278 vel

564 1324 847 1393 gentes
906 1339 1219 1396 usurpasse
1283 1321 1575 1379 dicuntur.
1667 1320 1832 1384 Quae
1878 1320 2172 1379 Steinthal
2238 1321 2310 1379 de
2368 1322 2464 1380 his
2509 1341 2613 1381 ex-

562 1421 787 1497 posuit,
834 1421 928 1480 cui
972 1441 1009 1481 a
1037 1423 1404 1483 Lesbonacte
1448 1423 1703 1482 frustula
1740 1423 2027 1482 sermonis
2070 1423 2334 1498 vulgaris
2380 1429 2614 1483 servata

561 1523 841 1583 videntur
869 1526 1084 1603 essel),
1116 1526 1260 1584 mihi
1294 1546 1412 1584 non
1438 1528 1782 1602 probantur.
1831 1526 1982 1584 Nam
2005 1531 2343 1603 repugnant
2365 1524 2612 1602 titum),

562 1628 663 1706 qui
710 1627 974 1701 schema,
1029 1629 1187 1706 quod
1233 1628 1549 1688 Lesbonax
1596 1629 1810 1688 Atticis
1856 1628 2069 1689 tribuit
2114 1627 2195 1705 (p.
2232 1633 2331 1699 49,
2365 1627 2488 1706 21),
2536 1631 2610 1687 ab

562 1730 655 1789 his
687 1730 1063 1790 abhorruisse
1097 1732 1398 1792 evincunt.
1443 1731 1871 1791 Particularum
1905 1731 2062 1791 enim
2099 1728 2255 1810 (ἵππι’
2289 1737 2351 1790 et
2371 1724 2611 1809 ιὸπωςζ

562 1851 708 1911 quas
755 1834 955 1905 Attico
1000 1853 1162 1893 more
1206 1853 1338 1892 cum
1386 1834 1671 1911 optativo,
1731 1854 1837 1910 pro
1900 1833 2278 1895 coniunctivo
2332 1833 2610 1909 coniungi

559 1936 812 2011 scriptor
830 1941 1031 1995 noster
1052 1941 1264 1996 conten
1275 1936 1376 2009 dit,
1400 1937 1657 2012 priorem
1682 1956 1985 2015 nunquam
2005 1956 2135 1995 cum
2157 1936 2444 2012 optativo,
2462 1956 2612 1996 sem·

559 2056 667 2112 per
713 2058 844 2097 cum
889 2038 1286 2112 coniunctivo,
1332 2039 1575 2097 alteram
1609 2057 1741 2099 raro
1787 2058 1920 2097 cum
1948 2039 2062 2098 fut.
2104 2044 2164 2097 et
2194 2044 2335 2115 opt.‚
2379 2040 2613 2116 saepius

561 2159 690 2198 cum
714 2141 867 2199 coni.
887 2141 1231 2201 coniunctas
1249 2142 1479 2201 Atticae
1503 2140 1921 2216 inscriptiones
1945 2142 2253 2202 exhibent.
2300 2143 2379 2201 Et
2395 2143 2611 2219 proba·

558 2243 737 2303 bilior
759 2249 850 2303 est
876 2244 994 2303 alia
1023 2245 1336 2317 sententia,
1369 2263 1446 2302 ex
1477 2263 1595 2323 qua
1621 2244 1844 2320 figurae
1868 2264 2082 2304 nomen
2108 2251 2463 2322 acceperunt
2484 2245 2609 2304 sive

558 2365 594 2404 a
622 2346 814 2421 patria
859 2346 1232 2423 scriptorum,
1279 2367 1529 2429 quorum
1562 2346 1624 2404 in
1657 2347 1936 2422 operibus
1965 2346 2440 2420 inveniebantur,
2483 2347 2609 2406 sive

559 2468 594 2507 a
637 2455 832 2525 gente,
895 2450 986 2508 cui
1048 2448 1365 2527 scriptores
1422 2449 1638 2510 addicti
1708 2456 1877 2509 erant
1918 2450 2016 2509 vel
2060 2450 2226 2511 cuius
2270 2450 2476 2527 lingua
2516 2451 2608 2510 usi

558 2572 686 2612 esse
730 2554 1093 2613 ferebantur.
1180 2553 1368 2614 Simili
1417 2553 1592 2612 enim‘
1627 2555 1799 2613 modo
1847 2554 2109 2631 singulas
2152 2573 2329 2615 voces
2374 2560 2435 2614 et
2476 2574 2609 2614 ver—

507 2713 511 2717 .
558 2658 766 2716 borum
811 2659 1031 2717 formas
1074 2659 1308 2717 urbium
1354 2659 1565 2717 incolis
1596 2658 1838 2718 attribui
1872 2658 2245 2735 exploratum
2276 2666 2384 2720 est.
2451 2659 2607 2717 Audi

561 2759 1061 2837 Wilamowitzi³)
1107 2763 1319 2822 verba:
1392 2760 1552 2841 “Die
1596 2761 2082 2821 hellenistischen
2130 2762 2604 2835 Missbildungen

556 2862 619 2922 in
667 2863 779 2922 den
825 2864 1077 2924 zweiten
1121 2865 1402 2925 Aoristen
1462 2864 1576 2926 wie
1624 2856 1972 2943 ιὲλοῖβοσαιῦ
2030 2865 2136 2923 hat
2182 2865 2608 2942 Aristophanes

556 2986 613 3023 v.
662 2965 804 3042 Byz.
850 2965 1244 3026 chalcidische
1289 2971 1570 3042 genennt,
1615 2966 1755 3028 weil
1799 2966 1926 3025 sich
1972 2966 2330 3043 Lycophron
2377 2966 2459 3044 (v.
2502 2965 2607 3044 21)

666 3240 747 3304 ·1)
783 3284 810 3306 ,ι
826 3243 923 3290 Die
958 3241 1256 3303 cigentliche
1281 3234 1654 3302 Volkssprache
1690 3255 1792 3288 nun
1830 3255 1919 3301 gar
1954 3245 2141 3289 musste
2167 3240 2262 3287 den
2280 3240 2605 3300 Analogisten

557 3330 631 3375 als
668 3328 747 3376 ein
786 3328 969 3376 Greuel
1004 3328 1310 3376 erscheinen.
1380 3328 1509 3375 Jede
1562 3342 1661 3374 von
1700 3327 1788 3375 der
1824 3326 2221 3387 Schriftsprache
2258 3325 2607 3373 abweichende

557 3415 706 3462 Form
752 3415 859 3476 galt
905 3415 1058 3460 ihnen
1109 3416 1183 3461 als
1219 3414 1469 3473 verdon-bt,
1521 3415 1597 3461 als
1634 3412 1987 3477 παρεφῇορυῖα
2023 3408 2169 3471 λέξις.
2242 3412 2401 3460 Dabei
2437 3412 2627 3458 hatten‘

556 3501 627 3548 sie
664 3499 909 3547 natiirlich
947 3513 1036 3561 gar
1070 3500 1248 3548 keinen
1275 3499 1412 3557 Sinn,
1448 3514 1532 3547 um
1557 3500 1741 3555 echteS,
1777 3500 1902 3546 altes
1938 3498 2215 3559 Sprachgut
2248 3511 2349 3544 von
2384 3500 2607 3558 spaterer

557 3585 885 3648 Verderbung
921 3600 982 3634 zu
1017 3585 1414 3634 unterscheiden.
1487 3586 1596 3632 Nur
1645 3585 1732 3632 das
1770 3582 1900 3631 Gute
1949 3584 2085 3631 hatte
2136 3584 2297 3631 dieser
2338 3581 2604 3636 Purismus‚

555 3672 669 3720 dass
727 3686 820 3719 uns
881 3671 1037 3719 durch
1091 3673 1177 3718 ibn
1228 3670 1433 3732 Einiges
1493 3683 1582 3718 aus
1638 3670 1723 3717 der
1775 3669 2144 3729 Volkssprache
2195 3668 2414 3716 erhalten
2469 3666 2605 3713 ward

556 3759 795 3822 (Cramer,
832 3759 1003 3807 anecd.
1044 3757 1138 3805 Ox.
1158 3759 1228 3804 IV
1257 3760 1358 3807 270
1382 3754 1561 3821 sqq.).’'
1615 3755 1914 3804 Geschichte
1950 3756 2039 3801 der
2074 3752 2606 3816 Sprachwissenschaft

556 3845 638 3892 bei
673 3845 769 3893 den
805 3845 1051 3893 Griechen
1087 3846 1188 3893 und
1226 3846 1458 3903 Romen-n,
1493 3844 1610 3892 484.

693 3927 745 3997 2)
784 3930 847 3978 cf.
884 3944 932 3979 ν.
973 3930 1312 3978 Herwerden:
1348 3928 1570 3989 lapidum
1607 3929 1669 3976 de
1706 3929 1822 3975 dial.
1859 3933 1945 3975 att.
1982 3927 2279 3976 testimonia.

694 4016 746 4081 8)
780 4017 949 4076 Antig.
987 4015 1179 4080 Caryst.
1205 4018 1318 4065 ,139
1358 4030 1405 4062 n.
1442 4018 1488 4065 9.
