3234 4950
1475 370 2016 435 -26-’
2643 370 2707 440 12

658 548 721 603 et
782 542 867 602 ita
929 543 1337 603 collocandum
1403 538 1542 603 est”
1604 544 1758 620 (cap.
1804 543 1838 601 I
1886 541 2031 601 edit.
2077 542 2419 619 Hercheri).
2506 540 2710 605 Quan-

658 667 834 726 quam
880 647 1029 705 haec
1068 646 1145 705 ad
1171 645 1496 706 Attianum
1528 651 1803 722 spectent
1842 665 2040 726 neque
2082 644 2147 703 in
2195 654 2397 704 nostro
2443 646 2709 703 Lauren-

657 749 842 822 tiano,
905 749 1010 829 qui
1066 748 1497 808 Lesbonsctem
1558 745 1691 826 περὶ
1748 742 2061 824 σχημάτων
2106 748 2406 818 continet,
2467 745 2711 805 Arriani

656 851 874 910 tactics
930 850 1226 926 insunt¹)‚
1287 853 1361 910 ab
1422 852 1631 911 eedem
1689 857 1890 911 temen
1948 871 2129 910 manu
2187 870 2307 930 qus
2362 850 2466 909 hic
2526 848 2708 908 etism

657 955 973 1028 Lesbonax
1018 953 1279 1030 scriptus
1322 963 1432 1013 est.
1538 956 1711 1014 Unde
1771 954 1976 1028 coUigi
2037 959 2237 1032 potest
2281 955 2708 1014 Lesbonsctem

658 1075 897 1135 quoque
942 1055 1174 1116 scribae
1217 1078 1252 1116 e
1290 1058 1647 1118 Florentino
1692 1057 2099 1135 manuscripto
2144 1056 2502 1116 innotuisse.
2591 1055 2710 1113 De-

656 1158 843 1238 nique
886 1158 1208 1219 Salmasius
1251 1160 1382 1236 ipse
1429 1161 1504 1218 de
1560 1159 1771 1233 lingua
1826 1159 2135 1219 hellenist.
2199 1160 2420 1237 (1643)
2481 1180 2539 1236 p.
2595 1164 2708 1216 148

656 1262 807 1320 haec
849 1260 1030 1322 dicit:
1097 1263 1490 1341 “Tractatum
1548 1262 1745 1340 ipsum
1794 1262 2181 1323 Lesbonsctis
2227 1261 2548 1341 aliquando
2592 1263 2712 1319 for·

657 1370 815 1422 tasse
858 1364 923 1422 in
970 1365 1165 1424 lucem
1210 1366 1347 1424 edet
1391 1364 1831 1424 eruditissimus
1877 1370 1940 1424 et
1987 1363 2543 1442 praestantissimus
2587 1364 2710 1422 Iss-

658 1487 800 1527 acus
846 1466 1113 1539 Vossius,
1173 1487 1402 1527 summo
1449 1468 1584 1527 viro
1630 1466 2019 1542 dignissimus
2062 1466 2242 1538 filius,
2304 1466 2408 1546 qui
2453 1487 2531 1526 ex
2576 1467 2712 1525 Flo-

658 1569 898 1630 rentina
957 1570 1338 1630 Bibliotheca
1397 1569 1769 1647 descriptum
1828 1589 2025 1647 nuper
2084 1570 2159 1627 sd
2222 1589 2316 1628 me
2378 1588 2513 1628 eum
2576 1571 2711 1628 sub-

657 1670 879 1732 misit.”
964 1671 1132 1737 Quae
1161 1676 1350 1733 verba
1379 1673 1453 1731 ad
1482 1680 1755 1732 nostrum
1787 1673 2051 1732 codicem
2082 1672 2271 1731 Paris.
2305 1676 2490 1744 2539,
2536 1691 2710 1751 quem

657 1773 1010 1835 salmasium
1054 1775 1332 1835 manibus
1374 1775 1718 1837 versavisse
1761 1774 2060 1848 novimus,
2106 1774 2410 1851 pertinere
2454 1776 2582 1834 veri
2632 1773 2713 1832 si-

658 1877 993 1937 millimum.

828 1998 1218 2077 Relinquitur
1262 1999 1450 2074 igitur
1496 1998 1787 2079 quaestio,
1852 2017 1968 2075 quo
2030 1996 2405 2057 necessitatis
2466 1995 2713 2057 vinculo

661 2099 920 2160 connexi
966 2101 1090 2160 sint
1134 2101 1466 2180 P(arisinus
1521 2103 1706 2175 1270)
1754 2106 1816 2160 et
1861 2102 1929 2159 F.

836 2209 887 2262 1.
935 2203 982 2260 F
1030 2209 1260 2283 septem
1302 2203 1452 2265 locis
1499 2203 1840 2280 probiorem
1886 2203 2247 2282 scripturam
2290 2204 2570 2281 praebet:

1139 2341 1180 2386 P
1849 2342 1890 2386 F

657 2429 707 2488 a)
744 2440 789 2486 p.
811 2427 940 2484 36st
1001 2426 1058 2472 In
1097 2427 1159 2476 11.
1196 2423 1243 2474 Υ
1284 2427 1409 2472 138:
1448 2422 1493 2474 εἰ
1523 2421 1583 2476 δέ
1613 2417 1660 2472 κ’

987 2504 1157 2575 Ἀρης
1173 2507 1370 2578 λάχωσι
1386 2507 1558 2576 μάχης
1574 2505 1664 2559 καὶ

1000 2596 1192 2662 Φοῖβος
1224 2590 1485 2647 Ἀπόλλων

1000 2698 1080 2729 om
1117 2680 1207 2732 καὶ
1712 2684 1934 2729 additum
1971 2683 2034 2728 ab
2071 2685 2240 2729 eadem
2278 2697 2341 2727 m.

658 2769 711 2828 b)
748 2785 794 2829 p.
817 2772 898 2826 36,
916 2771 981 2816 24
1001 2765 1237 2829 αἰατικτῑν
1712 2763 1998 2829 αἰτιατικὴν

656 2855 703 2915 c)
743 2870 787 2913 p.
807 2855 970 2913 38,17
1000 2846 1123 2917 ἔριγ’
1715 2846 1866 2917 ἔρριγ’

657 2942 713 2996 d)
749 2954 796 2999 p.
815 2941 896 2996 44,
915 2936 996 3004 8l9
1016 2936 1422 3001 Λακεδαιμονίαν
1714 2933 2110 3001 Λακεδαιμόνιοι

658 3026 705 3081 e)
742 3040 789 3085 p.
808 3027 891 3083 45,
917 3029 940 3072 1
1000 3020 1174 3074 ἕπεται
1714 3019 1914 3073 ἕπονται

659 3111 703 3170 f)
738 3125 786 3171 p.
809 3112 977 3170 ηπ
1003 3106 1078 3173 μή
1117 3109 1236 3176 ἴδῃς
1716 3100 1773 3159 οὐ
1812 3104 1886 3171 μὴ
1924 3108 2043 3174 ἴδῃς

657 3194 711 3255 g)
747 3211 793 3255 p.
813 3198 894 3253 54,
915 3198 975 3242 12
997 3188 1323 3258 Ἀλέξανδρον
1361 3191 1640 3247 Μακεδόνα
1713 3189 2036 3257 Ἀλέξανδρον
2071 3192 2158 3246 τὸν
2196 3191 2471 3246 Μακεδόνα

831 3299 998 3359 Haec
1043 3299 1482 3376 praestantiora
1525 3320 1644 3358 nou
1704 3318 1903 3357 merae
1951 3298 2328 3359 coniecturae
2374 3300 2715 3359 Florentini

660 3400 881 3463 codicis
926 3401 1190 3462 auctoris
1233 3402 1442 3462 deberi
1488 3407 1694 3461 monet
1736 3403 1901 3461 locus
1949 3411 2269 3462 extremus.
2376 3402 2714 3461 Articulum

659 3505 821 3564 enim
866 3512 1004 3563 ante
1038 3497 1368 3561 Μακεδόνα
1400 3524 1520 3563 non
1553 3524 1632 3564 ex
1664 3504 1894 3564 scribae
1925 3504 2180 3564 arbitrio
2225 3504 2520 3564 insertum
2568 3525 2715 3576 esse,

656 3626 871 3668 verum
914 3606 1248 3685 antiquitus
1290 3607 1454 3666 hunc
1496 3607 1696 3667 locum
1742 3606 2075 3666 obtinuisse
2104 3608 2387 3667 discimus
2417 3628 2452 3666 e
2485 3606 2716 3667 scholio

659 3707 739 3766 Τ2
806 3712 882 3769 ad
928 3711 978 3766 B
1024 3714 1144 3767 353
1217 3709 1311 3768 ed.
1372 3709 1564 3768 Meess
1619 3710 1707 3768 VI
1776 3729 1832 3784 p.
1881 3714 2003 3767 499
2028 3711 2085 3788 2)
2145 3710 2306 3769 infra
2368 3710 2451 3788 (p.
2506 3715 2582 3768 54
2627 3710 2715 3786 n.)

799 3965 848 4028 1)
886 3966 1069 4011 Verum
1106 3967 1156 4012 in
1193 3966 1317 4026 plut.
1357 3965 1446 4010 LV
1482 3964 1586 4011 cod.
1629 3967 1712 4012 20.

799 4048 853 4115 2)
889 4051 1136 4100 Scholium
1178 4051 1298 4097 mihi
1338 4051 1497 4106 editor
1533 4050 1788 4105 indicavit.
