3234 4950
549 345 655 416 111
1371 343 1795 421 -63—

552 532 755 587 6—11
810 535 938 588 orta
983 533 1137 600 sunt,
1199 530 1301 608 qui
1354 533 1595 587 18-21
1648 529 1860 588 adsuit.
1948 529 2100 587 Nam
2147 529 2292 608 quin
2340 529 2485 587 haec
2529 529 2603 587 ab

549 635 789 690 auctore
833 631 1021 690 libelli
1067 632 1454 691 abiudicanda
1487 631 1624 704 sint,
1672 651 1792 689 non
1825 632 2030 691 dubito
2063 637 2396 709 propterea,
2446 631 2603 709 quod

551 735 624 793 ab
672 735 1175 807 antecedentibus,
1223 754 1375 813 quae
1421 736 1493 793 de
1539 735 1928 794 substantivis
1982 734 2315 794 accusativo
2361 734 2609 809 prolatis

549 844 748 911 agunt,
795 837 1056 911 genetivi
1105 829 1528 916 ιιοιιοτσιγνήυοιο
1575 831 1793 909 φόνοιο
1810 834 1841 863 ''
1888 837 2063 913 plane
2108 837 2346 896 distant.

718 960 776 1014 p·
823 945 922 1010 41,
970 946 1006 998 2
1053 943 1127 997 A.
1216 941 1516 999 Lacunam
1562 941 1839 1012 indicavi,
1903 941 2061 1020 quod
2121 946 2374 1017 apparet
2425 939 2607 998 cladis

548 1048 846 1100 auctorem
906 1043 1089 1102 fuisse
1151 1041 1341 1101 solum
1389 1042 1752 1101 Alcibiadem
1812 1063 1889 1100 ex
1933 1044 2080 1101 urbe
2125 1061 2441 1117 egressum,
2506 1045 2607 1102 sed

551 1163 671 1201 non
718 1144 1030 1202 Thebanos
1075 1148 1280 1203 contra
1323 1144 1725 1204 Athenienses
1768 1144 2234 1221 proficiscentes:
2294 1145 2608 1204 Praeterea

553 1246 1070 1320 Lacedaemonios,
1132 1267 1250 1326 quo
1311 1254 1576 1324 tempore
1625 1248 1891 1307 Thebani
1950 1249 2012 1306 in
2057 1248 2319 1308 Atticam
2365 1249 2610 1325 expedi-

548 1349 772 1408 tionem
815 1349 1109 1421 facerent,
1168 1351 1242 1407 ab
1292 1350 1600 1408 Alcibiade
1646 1356 1952 1426 superatos
1996 1370 2124 1410 esse
2171 1371 2292 1410 non
2336 1352 2609 1411 traditur.

548 1452 763 1529 Itaque
794 1502 824 1531 α
843 1445 1293 1529 στρατευόμενοι
1318 1449 1575 1527 Θηβαῖοι
1606 1449 1701 1510 ἐπὶ
1719 1445 1997 1527 Ἀττικήν
2010 1451 2039 1479 ”
2071 1454 2315 1513 alterius
2346 1454 2604 1530 exempli

548 1553 741 1613 frusta
786 1573 915 1614 esse
960 1556 1153 1615 credo·

716 1679 775 1735 p.
799 1664 897 1729 41,
934 1656 1033 1737 3Ι4
1065 1663 1135 1716 A.
1201 1652 1264 1716 to*
1300 1651 1411 1735 γάρ
1443 1649 1584 1715 κατ’
1617 1650 1918 1734 ἐπιφοράν
1949 1657 2043 1717 δεῖ
2068 1655 2257 1717 εἰπεῖν
2282 1680 2402 1719 non
2433 1660 2610 1719 intel-

544 1746 849 1835 leguntur.
937 1761 1210 1819 Sananda
1269 1771 1409 1821 sunt
1470 1781 1502 1819 e
1564 1762 1881 1838 proximis,
1943 1781 2095 1841 quae
2154 1764 2426 1841 quamvis
2489 1783 2607 1821 non

548 1864 783 1938 integra
862 1868 1061 1922 tamen
1121 1864 1432 1939 perspicua
1489 1873 1644 1923 sunt.
1751 1865 2089 1941 Exponitur
2152 1866 2310 1923 enim
2370 1866 2608 1942 planam

551 1966 907 2025 sententiam
955 1965 1095 2024 oriri
1143 1966 1484 2041 compositis
1531 1968 1759 2025 duobus
1804 1968 2144 2039 enuntiatis,
2204 1967 2389 2027 altero
2437 1973 2609 2028 ante-

551 2068 813 2138 cedente,
861 2067 1048 2128 altero
1094 2068 1340 2127 adiecto.
1431 2066 1655 2130 Quodsi
1715 2070 1985 2144 pergitur
2044 2066 2145 2127 καὶ
2190 2061 2387 2146 ὥσπερ
2437 2066 2606 2128 ἐλλεί-

549 2190 682 2227 πων
721 2162 899 2227 πάλιν
945 2162 1259 2245 αὐτοτελὴς
1303 2166 1502 2246 ἑτέρας
1530 2165 1900 2246 συνδεούσης
1945 2173 2094 2230 nihil
2124 2173 2285 2230 aliud
2319 2173 2608 2232 illustrari

555 2273 749 2332 elucet
792 2274 906 2332 nisi
954 2274 1281 2332 orationem
1324 2280 1655 2333 truncatam
1687 2295 1830 2346 esse,
1878 2276 1927 2333 si
1958 2276 2209 2334 alterum
2236 2275 2608 2335 enuntiatum

561 2375 885 2446 secluseris,
931 2382 1135 2436 contra
1163 2378 1484 2453 perfectam
1516 2397 1660 2449 esse,
1707 2379 1756 2436 si
1787 2377 2036 2437 alterum
2068 2378 2439 2436 enuntiatum
2478 2397 2607 2436 cum

560 2479 745 2537 altero
790 2481 1186 2539 coniunxeriS.
1278 2480 1473 2544 Quare
1519 2473 1884 2556 συνδεούσης
1937 2481 2000 2538 in
2046 2479 2436 2555 συνδεθείσης
2479 2503 2604 2540 mu-

559 2584 802 2641 tandum
864 2590 925 2644 et
981 2585 1128 2645 haec
1170 2586 1294 2644 fere
1341 2587 1671 2662 supplenda
1715 2605 1841 2645 esse
1887 2586 2199 2644 existimo:
2261 2581 2363 2643 καὶ
2409 2578 2606 2659 ὥσπερ

563 2681 840 2744 ἐλλείπων
897 2682 1024 2768 (τῆς
1083 2683 1280 2762 ἑτέρας
1340 2683 1792 2768 κεχωρισμένης)
1856 2683 2033 2746 πάλιν
2085 2680 2400 2764 αὐτοτελὴς
2456 2684 2606 2770 (τῆς)

561 2783 762 2863 ἑτέρας
826 2788 1213 2864 συνδεθείσης
1272 2793 1376 2867 (sc.
1424 2791 1640 2867 γίνεται
1698 2783 1736 2847 o‘
1777 2785 1996 2869 λόγος).
2106 2793 2199 2849 Ex
2257 2793 2367 2850 hac
2425 2791 2608 2866 igitur

560 2893 856 2953 sententia
917 2895 1262 2969 scriptorem
1325 2895 1664 2970 exemplum
1726 2895 1898 2953 initio
1955 2893 2249 2970 prolatum
2294 2896 2380 2953 ita
2421 2894 2606 2953 inter·

558 3000 854 3072 pretatum
927 3016 1055 3055 esse
1129 3006 1292 3074 puto,
1371 3004 1439 3055 ut
1511 2998 1734 3055 diceret
1806 2998 2178 3056 enuntiatum
2254 2998 2607 3057 antecedens

561 3089 968 3178 ιιἈλκιβιάδης
1012 3093 1313 3169 ἕξελθοόν”
1371 3120 1502 3158 cum
1548 3099 2046 3178 subsequentibus
2092 3091 2608 3178 αΛακεδαιμόνιοι

559 3192 905 3275 ἡττήθησαν
921 3198 952 3227 ”
989 3202 1383 3277 copulandum
1416 3221 1561 3274 esse,
1593 3210 1660 3260 ut
1691 3203 1878 3261 oratio
1909 3203 2173 3278 perfecta
2201 3201 2389 3261 fieret.
2435 3202 2604 3260 Unde

558 3322 666 3380 pro
712 3300 894 3361 εἰπεῖν
937 3304 1145 3380 scripsi
1191 3302 1442 3361 συνδεῖν.
1481 3338 1556 3347 --
1591 3304 1960 3364 Coniecturis
1990 3306 2255 3380 probatis
2294 3303 2397 3363 illa
2424 3304 2609 3363 verba

559 3424 594 3463 a
635 3407 757 3465 red.
802 3409 860 3466 A
904 3407 1215 3467 interiecta
1260 3427 1386 3465 esse
1433 3408 1836 3487 consequitur.
1899 3408 2047 3466 Nam
2091 3409 2176 3468 ita
2219 3406 2607 3483 pronuntian—

557 3516 669 3581 tur,
715 3515 783 3568 ut
826 3515 1126 3568 auctorem
1172 3511 1420 3569 alterum
1466 3510 1824 3587 exemplum,
1871 3512 2028 3588 quod
2071 3508 2457 3568 antecessisse
2500 3527 2604 3566 no-

559 3612 650 3670 bis
695 3615 943 3684 constat,
988 3612 1231 3690 plenum
1276 3612 1488 3687 legisse
1536 3613 1868 3688 negandum
1914 3613 2010 3672 sit.

727 3720 905 3791 P.4l,
939 3720 974 3771 4
1008 3716 1074 3773 B.
1142 3714 1492 3790 Νεστορίδα.
1553 3716 1699 3775 Cum
1738 3715 1804 3770 Π
1829 3716 1950 3773 317
2001 3717 2148 3793 (826
2169 3714 2206 3789 Ξ)
2254 3716 2326 3773 de
2372 3716 2605 3773 duobus

560 3820 827 3879 Nestoris
872 3819 1012 3877 filiis
1057 3827 1283 3895 agatur,
1328 3821 1518 3879 forma
1559 3820 1748 3878 dualis
1777 3820 1997 3878 nullam
2030 3817 2376 3879 offensionis
2403 3837 2604 3877 ansam

558 3923 658 3981 dat
700 3928 761 3982 et
802 3924 919 3983 fuit
961 3925 1210 3982 fortasse
1254 3924 1419 3981 varia
1463 3922 1658 3996 lectiO,
1692 3942 1869 4002 quam
1899 3930 2094 3982 utrum
2133 3924 2448 3982 Lesbonax
2476 3922 2605 3997 ipse

555 4044 630 4084 an
663 4027 710 4084 B
756 4027 987 4084 demum
1034 4046 1066 4083 e
1113 4045 1216 4082 suo
1248 4026 1493 4083 Homeri
1520 4025 1719 4083 codice
1749 4024 2058 4101 receperit,
2090 4025 2342 4084 discerni
2375 4024 2603 4104 nequit·
