3234 4950
594 339 684 402 IV
1415 336 1845 409 —83—

594 516 769 577 locali
811 514 983 577 verbi
1027 515 1460 592 significatione
1524 516 1692 576 notio
1747 516 2039 592 generalis
2099 520 2229 577 orta
2272 520 2429 577 esset
2444 513 2475 543 '’
2524 514 2648 575 exi-

596 619 797 680 stimat
853 619 1038 698 (omni
1089 619 1318 678 ratione
1386 619 1597 680 virtuti
1644 621 1926 687 colendae
1972 640 2211 698 operam
2259 599 2405 698 dat).
2491 619 2648 680 Atti-

595 742 721 782 cam
764 725 961 781 autem
1005 723 1430 799 proprietatem
1489 742 1566 781 ex
1626 728 1824 783 mente
1882 724 2227 800 interpretis
2282 724 2348 782 in
2394 743 2465 783 eo
2511 743 2646 783 con-

595 825 759 902 spici,
821 825 979 904 quod
1043 825 1362 886 accusativi
1424 876 1456 905 a
1473 826 1675 884 πᾶσαν
1719 818 1952 906 ὄργήν”
2014 828 2141 886 sine
2203 818 2355 884 κατά
2399 845 2648 903 praepo-

594 928 811 989 sitione
854 928 1248 1005 proferantur‚
1294 933 1457 1004 puto.
1547 929 1769 990 Verum
1832 948 2028 1010 neque
2073 949 2191 1010 qua
2233 950 2375 989 usus
2419 931 2649 989 ratione

593 1032 976 1092 Aristarchus
1037 1031 1298 1106 singulas
1353 1031 1603 1108 singulis
1651 1033 1928 1108 gentibus
1979 1032 2199 1108 figuras
2237 1032 2646 1108 assignaverit,

594 1154 627 1193 e
671 1135 941 1196 frustulis
987 1154 1339 1210 cognoscere
1407 1154 1603 1215 neque
1668 1156 1818 1216 quos
1880 1141 2186 1197 auctorum
2232 1137 2466 1195 ordines
2511 1155 2648 1195 con-

592 1239 872 1312 stituerit,
917 1238 1251 1315 perspicere
1295 1238 1452 1299 licet.

762 1341 1259 1421 Antiquissimum
1304 1341 1709 1402 testimonium
1735 1343 1811 1420 ¹),
1874 1361 1990 1421 quo
2041 1342 2207 1402 urbis
2248 1342 2463 1403 incolis
2509 1362 2645 1419 pro-

591 1445 811 1520 prietas
855 1445 1142 1524 quaedam
1188 1444 1420 1504 dicendi
1465 1445 1822 1521 impertitur,
1867 1445 2202 1515 Philoxeno
2230 1445 2288 1524 Β)
2336 1446 2645 1506 debemus:

591 1547 796 1624 Steph.
856 1549 998 1627 Byz.
1059 1546 1141 1625 (p.
1194 1553 1304 1622 66,
1373 1548 1406 1605 7
1455 1546 1566 1625 M.)
1627 1568 1670 1606 s.
1716 1569 1772 1608 v.
1825 1539 2167 1623 Ἀλάβανδα
2213 1593 2228 1609 .
2261 1594 2274 1607 .
2309 1596 2322 1609 .
2352 1593 2364 1606 .
2426 1545 2646 1630 λέγεται

590 1646 692 1710 καὶ
748 1643 1028 1728 κτητικόν
1088 1642 1554 1726 Ἀλαβανδιακός
1617 1646 1717 1709 καὶ
1760 1641 2232 1726 Ἀλαβανδιακὸν
2289 1645 2645 1732 σύγγραμμα

730 1895 780 1956 1)
815 1892 1022 1943 Lucilii:
1061 1893 1190 1939 adde
1227 1891 1558 1941 soloecismon
1595 1907 1780 1953 genera
1814 1901 1961 1954 atque
1995 1893 2242 1942 vocabula
2269 1898 2466 1943 centum
2489 1894 2585 1960 (IX
2611 1897 2641 1943 3

589 1979 655 2025 M.
696 1981 823 2027 1181
863 1992 893 2024 a
928 1979 987 2024 L.
1024 1979 1315 2038 Pompeius,
1366 1979 1481 2026 Keil
1517 1979 1563 2025 V
1600 1994 1651 2039 p.
1690 1982 1815 2028 289:
1869 1986 1989 2040 quot
2023 1981 2214 2038 modis,
2268 1981 2353 2040 ait,
2408 1981 2534 2029 fiunt
2567 1996 2645 2029 so·

590 2064 851 2112 loecismi‘?
922 2066 1152 2112 Donatus
1194 2066 1390 2125 redegit
1438 2080 1492 2112 se
1542 2066 1605 2112 ad
1644 2079 1883 2114 summam
1920 2067 2219 2115 brevitatem
2255 2075 2304 2115 et
2338 2067 2464 2114 dixit
2499 2069 2643 2130 ,duo-

588 2151 682 2197 bus
720 2150 962 2210 tantum’,
1018 2150 1242 2198 Lucilius
1280 2156 1442 2199 autem
1479 2151 1601 2198 dixit
1646 2157 1843 2199 centum
1879 2156 1928 2199 et
1963 2153 2273 2201 enumeravit
2308 2167 2508 2202 omnes:
2561 2169 2642 2201 ex·

590 2242 688 2285 stat
741 2235 866 2284 liber
912 2236 1087 2296 ipsius,
1147 2233 1266 2302 [quo
1303 2237 1414 2283 add.
1452 2233 1545 2302 M.]
1599 2236 1717 2285 dicit
1768 2238 1893 2284 illud
1948 2242 1997 2285 et
2046 2238 2206 2299 illud3
2260 2253 2374 2286 nam
2424 2240 2496 2286 ait
2541 2241 2641 2287 sic:

589 2366 601 2387 ι
619 2324 747 2370 adde
782 2322 876 2359 —'
929 2330 977 2370 et
1027 2329 1229 2370 currunt
1279 2320 1381 2389 [vel
1431 2324 1585 2371 currit
1618 2324 1777 2382 codd„
1827 2325 2067 2384 percurrit
2102 2323 2498 2391 Lindemannus]
2536 2326 2645 2386 ipsa

586 2408 832 2458 vocabula
879 2409 1107 2471 versibus
1159 2411 1358 2471 scriptis
1408 2417 1515 2457 arte
1566 2416 1616 2458 et
1671 2409 1740 2457 ibi
1780 2412 2092 2458 enumeravit
2124 2411 2215 2459 illa
2250 2413 2430 2460 omnia.
2504 2413 2641 2461 Serv.

586 2511 759 2544 comm.
802 2497 854 2544 in
891 2498 1042 2559 Don.,
1083 2498 1198 2545 Keil
1224 2498 1297 2544 lv
1322 2500 1452 2546 446:
1494 2498 1899 2546 soloecismorum
1934 2513 2117 2559 genera
2152 2504 2347 2546 centum
2382 2499 2503 2547 dicit
2536 2515 2643 2549 esse

586 2583 823 2632 Lucilius.
894 2584 1014 2631 Isid.
1055 2599 1126 2632 or.
1162 2585 1188 2631 1
1225 2586 1308 2645 32,
1346 2586 1409 2631 5:
1457 2586 1582 2631 fiunt
1636 2590 1892 2645 praeterea
1948 2582 2268 2651 [soloecismi]
2323 2599 2383 2633 ex
2418 2586 2643 2646 plurimis

587 2670 763 2718 modis.
833 2672 961 2717 Nam
1000 2671 1220 2718 Lucilius
1273 2675 1470 2719 centum
1522 2685 1704 2730 genera
1755 2672 2163 2719 soloecismorum
2215 2667 2375 2736 dixit.)
2426 2685 2524 2719 non
2572 2673 2642 2719 ita

587 2755 882 2817 explicanda
917 2770 1042 2815 esse,
1097 2763 1152 2804 ut
1198 2762 1395 2818 poetam
1444 2763 1640 2804 centum
1689 2758 2092 2805 soloecismorum
2143 2772 2327 2817 genera
2377 2759 2641 2818 protulisse

588 2843 890 2903 singulisque
927 2845 1126 2890 nomina
1161 2845 1390 2904 propria,
1439 2858 1565 2903 quae
1615 2844 1681 2890 ab
1719 2844 1911 2890 urbium
1967 2843 2250 2891 nominibus
2287 2844 2498 2891 deducta
2533 2859 2642 2892 esse

586 2928 847 2976 Philoxeni
900 2928 1183 2976 testimonio
1236 2935 1509 2977 commotus
1560 2929 1827 2988 coniceres,
1877 2929 2124 2977 addidisse
2173 2929 2323 2988 dicas,
2373 2945 2400 2977 e
2440 2931 2638 2979 silentio

587 3014 1021 3074 grammaticorum
1057 3015 1338 3075 latinorum,
1375 3015 1458 3075 qui
1496 3015 1817 3063 soloecismos
1853 3015 1959 3061 fuse
1995 3020 2225 3076 tractant,
2260 3015 2454 3075 colligo.
2505 3016 2640 3064 Voce

587 3099 870 3162 „centum”
920 3100 1143 3149 Lucilius
1194 3100 1324 3148 haud
1373 3100 1475 3148 scio
1524 3115 1587 3147 an
1641 3100 1763 3147 nihil
1816 3100 1950 3147 aliud
1985 3100 2200 3148 voluerit
2234 3101 2455 3149 indicare
2490 3116 2639 3163 quam

587 3199 821 3244 magnum
857 3200 1131 3247 numerum,
1172 3200 1454 3246 quanquam
1493 3187 1545 3232 in
1583 3187 1730 3233 aliam
1768 3191 1960 3245 partem
1995 3191 2291 3247 acceperunt
2313 3189 2635 3247 grammatici.

588 3271 926 3336 “vocabula''
979 3286 1154 3321 censeo
1207 3273 1405 3320 omnino
1456 3286 1557 3319 non
1609 3286 1720 3320 cum
1774 3272 2026 3340 genetivo·
2058 3269 2476 3336 “soloecismon''
2523 3288 2638 3321 con-

585 3360 887 3419 iungendam
923 3372 1047 3417 esse,
1085 3359 1234 3406 immo
1271 3358 1435 3419 potius
1472 3362 1696 3418 spectare
1733 3358 1961 3405 videntur
1995 3358 2061 3404 ad
2095 3358 2206 3417 ipsa
2240 3357 2395 3406 verba
2430 3360 2490 3406 de
2516 3374 2638 3419 quo·

585 3459 695 3491 rum
731 3459 823 3493 usu
857 3445 1179 3506 grammatico
1214 3449 1412 3505 poetam
1437 3444 1723 3505 exposuisse
1747 3449 1953 3502 constat,
1976 3444 2038 3491 cf.
2066 3444 2100 3491 1.
2126 3443 2199 3490 IX
2224 3445 2288 3493 30
2315 3444 2382 3493 Μ.
2426 3447 2554 3494 1133
2576 3446 2634 3493 L.

588 3531 756 3595 (Char.
797 3531 911 3579 Keil
948 3532 973 3577 1
1004 3547 1055 3592 p.
1098 3527 1247 3591 111):
1642 3515 1647 3520 ³

791 3631 907 3665 nam
944 3619 1026 3666 vel
1063 3623 1117 3665 ut
1150 3617 1282 3664 intro
1319 3616 1454 3663 aliud
1489 3618 1637 3676 longe
1672 3628 1780 3663 esse
1814 3619 1962 3674 atque
1993 3614 2119 3663 intu'
2157 3615 2381 3664 videmus

790 3703 862 3750 sic
897 3704 1014 3751 item
1049 3704 1179 3763 apud
1216 3717 1271 3751 se
1307 3704 1456 3762 longe
1490 3702 1593 3749 alid
1629 3705 1704 3749 est
1737 3714 1897 3759 neque
1932 3700 2064 3747 idem
2092 3702 2232 3748 valet
2266 3702 2328 3748 ad
2363 3716 2447 3749 se:

791 3790 920 3837 intro
957 3804 1048 3838 nos
1083 3793 1229 3837 vocat
1262 3789 1326 3835 ad
1361 3803 1485 3847 sese,
1523 3792 1660 3835 tenet
1693 3787 1827 3835 intus
1854 3788 1986 3848 apud
2022 3801 2098 3836 se.

726 3873 776 3939 2)
812 3890 959 3934 quem
993 3875 1094 3924 fere
1129 3875 1339 3936 Augusti
1375 3878 1425 3923 et
1458 3874 1646 3921 Tiberii
1696 3872 2001 3934 temporibus
2038 3873 2225 3921 Romae
2266 3873 2636 3934 grammaticam

586 3962 860 4021 professum
911 3975 1020 4010 esse
1065 3961 1335 4009 verisimile
1384 3966 1487 4020 est,
1545 3960 1609 4006 cf.
1659 3960 1848 4008 Kleist:
1906 3959 1966 4006 de
2016 3960 2276 4007 Philoxeni
2329 3960 2634 4020 grammatici

585 4048 909 4095 Alexandrini
945 4047 1119 4098 studiis
1155 4045 1512 4109 etymologicis,
1552 4044 1917 4106 Gryphiswald.
1961 4047 2106 4095 1865.

2144 4127 2224 4193 6*
