3234 4950
1472 372 1549 384 -
1644 338 1724 402 72
1815 373 1891 384 ..
2595 339 2696 398 111

820 533 877 589 p.
929 517 1023 586 51,
1079 509 1278 593 12113.
1368 504 1473 582 τοὶς
1533 507 1984 589 συναμφοτέρας
2044 502 2272 585 φωνάς.
2362 511 2694 571 Articulum

649 622 785 673 ante
830 608 1194 693 ἆμφότερος,
1242 617 1475 691 saepius
1521 621 1660 675 ante
1706 608 2155 692 συναμφότερος
2185 615 2445 675 inveniri
2476 619 2696 674 testan-

648 725 746 777 tur
788 719 1025 794 Kriiger
1071 717 1102 796 ἓ
1153 724 1249 792 50,
1304 723 1398 792 11,
1449 723 1564 792 25;
1614 718 1864 776 Kiihner
1910 716 1941 796 5
1991 724 2131 791 465,
2182 722 2233 776 8.

820 842 876 897 p.
926 826 1025 896 51,
1064 826 1137 881 18
1172 814 1528 903 ἄνακύπτειε
1575 823 1926 898 metaphora
1957 842 2075 880 non
2108 841 2142 879 a
2178 827 2380 880 nostro
2414 821 2700 897 scriptore

651 924 1002 1000 excogitata,
1037 926 1108 984 cf.
1137 926 1336 1002 Apoll.
1365 926 1542 1003 Dysc.
1578 926 1649 984 de
1680 931 1895 983 constr.
1921 930 2018 998 68,
2050 930 2141 983 12.
2181 924 2317 996 177,
2339 929 2395 983 6.
2431 924 2572 997 287,
2603 929 2695 986 14.

822 1047 877 1102 p.
928 1031 1025 1100 51,
1075 1034 1151 1085 29
1181 1035 1249 1086 A.
1341 1029 1561 1103 Figura
1621 1048 1690 1086 eo
1752 1028 2039 1101 consistit,
2100 1029 2257 1107 quod
2316 1029 2563 1087 verbum
2626 1028 2698 1084 ab

649 1129 780 1188 aliis
827 1150 956 1188 cum
1002 1130 1134 1189 aliis
1179 1132 1425 1205 casibus,
1473 1137 1651 1210 atque
1697 1150 1886 1190 sermo
1932 1131 2194 1207 vulgaris
2238 1131 2516 1206 postulat,
2563 1150 2697 1189 con-

652 1233 914 1292 struitur.
993 1233 1213 1292 Eadem
1259 1234 1417 1294 enim
1461 1236 1644 1294 verba
1689 1236 1761 1292 ab
1807 1234 2025 1295 Atticis
2071 1253 2202 1292 cum
2249 1233 2465 1306 dativo,
2512 1254 2547 1292 a
2576 1234 2700 1291 Do-

651 1335 815 1393 ribus
860 1356 991 1397 cum
1039 1337 1316 1412 genetivo
1378 1342 1583 1396 contra
1628 1358 1798 1397 usum
1843 1337 2123 1413 coniungi
2168 1336 2455 1394 audimus.
2542 1337 2701 1395 Hinc

653 1439 921 1517 sequitur
980 1460 1096 1500 non
1162 1441 1432 1500 sufficere
1496 1431 1642 1497 ὅταν
1706 1433 1772 1496 vd
1836 1435 1996 1516 ῤ’ἥμα
2064 1430 2459 1513 συντάσσηται
2505 1429 2703 1508 ἄλλαις

653 1534 960 1613 πτώσεσιν,
1009 1544 1108 1601 sed
1153 1543 1482 1602 addendum
1530 1562 1657 1601 esse
1702 1533 1820 1600 ὑπ’
1867 1533 2072 1604 ἄλλων.

822 1666 879 1720 Ρ.
931 1650 1028 1723 52,
1074 1642 1172 1726 517
1219 1647 1294 1705 Α.
1383 1645 1596 1703 Parum
1644 1650 1912 1705 accurate
1977 1645 2197 1704 dictum
2243 1648 2336 1703 est
2376 1644 2479 1701 illa
2523 1646 2704 1704 verba

654 1748 727 1805 ab
771 1748 1414 1827 Atticis-frequentari.
1498 1749 1667 1821 Nam,
1713 1748 1871 1826 quod
1915 1747 2187 1820 diximus,
2234 1766 2355 1806 non
2389 1749 2459 1805 de
2504 1749 2702 1808 verbis

655 1850 867 1925 agitur,
904 1869 1055 1930 quae
1086 1850 1275 1910 Attici
1306 1870 1438 1909 cum
1471 1849 1603 1908 aliis
1636 1851 1866 1908 casibus
1899 1854 2218 1909 conectunt
2248 1857 2427 1929 atque
2461 1850 2701 1928 quibus-

655 1972 786 2011 cum
831 1952 1010 2029 vulgo
1058 1953 1514 2028 coniunguntur,
1560 1954 1662 2012 sed
1709 1954 1779 2011 de
1813 1953 2028 2026 verbiS,
2077 1973 2228 2031 quae
2277 1954 2347 2011 ab
2381 1952 2599 2012 Atticis
2644 1958 2705 2011 et

653 2055 913 2115 Doribus
974 2057 1203 2116 diverse
1275 2063 1452 2136 atque
1516 2064 1725 2116 contra
1785 2074 2004 2114 morem
2067 2055 2296 2114 dicendi
2360 2055 2702 2132 popularem

655 2164 936 2235 usurpata
997 2158 1221 2217 affatim
1286 2166 1618 2218 occurrunt.
1720 2157 1915 2221 Quare
1982 2158 2241 2233 genuina
2302 2177 2428 2217 esse
2491 2178 2701 2217 censeo

661 2256 781 2318 ἔστι
827 2255 892 2319 δὲ
937 2255 1329 2333 πλεονάζοντα
1375 2254 1529 2340 παρ’
1558 2253 1842 2330 Ἀττικοῖς
1886 2256 1985 2318 καὶ
2034 2262 2381 2339 Δωριεῦσιν.
2455 2252 2705 2318 ’Λττικοὶ

658 2355 769 2441 γάρ
817 2361 1085 2434 δοτικαῖς
1130 2358 1559 2424 συντάσσουσιν
1603 2358 1911 2424 πτώσεσιν.

828 2488 884 2544 Ρ.
909 2472 1003 2541 52,
1043 2463 1245 2548 10112.
1329 2460 1478 2546 ὅπερ
1511 2468 1617 2547 (sc.
1653 2461 1907 2544 ῥήματα)
1939 2470 2063 2537 τοῖς
2084 2460 2380 2536 Ἀττικοῖς
2412 2463 2511 2526 ἐπὶ
2553 2466 2708 2528 δοτι-

659 2570 771 2645 κῆς
815 2564 1077 2647 συνήθη,
1124 2572 1306 2629 ταῦτα
1353 2567 1449 2629 ἐπὶ
1483 2564 1721 2650 γενικήν
1751 2564 2069 2649 μετάγουσι
2101 2570 2344 2649 (Dores)
2384 2591 2504 2630 non
2537 2573 2707 2631 aliter

656 2675 1035 2750 interpretari
1096 2676 1236 2735 licet
1295 2676 1409 2734 nisi
1462 2677 1578 2749 ita,
1641 2683 1708 2735 ut
1750 2678 1935 2736 verba
1979 2680 2183 2736 notata
2228 2677 2300 2734 ab
2350 2675 2565 2735 Atticis
2610 2677 2709 2734 da-

659 2778 784 2838 tivo
848 2798 983 2837 casu
1044 2779 1293 2855 proferri
1345 2779 1531 2851 dicas,
1594 2779 1656 2836 id
1716 2779 1872 2858 quod
1936 2798 2279 2854 perversum
2326 2783 2433 2837 est.
2521 2780 2712 2856 Supra

659 2879 756 2957 (ad
802 2901 857 2957 p.
886 2886 984 2954 39,
1024 2878 1203 2962 15116
1237 2880 1314 2959 Α)
1363 2883 1949 2943 commemoravimus
1992 2883 2177 2942 verba
2219 2882 2281 2941 vi
2329 2881 2705 2941 construendi

660 2984 927 3060 praedita
968 2984 1134 3045 velut
1179 2981 1483 3064 ἐπιφέρειν
1529 2977 1768 3064 ἐπάγειν
1812 2984 2316 3061 praepositionem
2362 2980 2462 3043 ἐπί
2506 3003 2555 3043 ο.
2587 3002 2705 3043 acc.

660 3087 1032 3146 coniunctam
1079 3107 1273 3148 secum
1319 3089 1556 3147 habere.
1636 3090 1849 3167 Itaque
1895 3085 2137 3164 δοτικῆς
2182 3089 2244 3145 in
2292 3080 2539 3162 δοτικήν
2584 3107 2710 3144 mu-

660 3191 903 3249 tandum
951 3210 1076 3250 esse
1122 3198 1284 3268 puto,
1331 3213 1460 3251 cum
1499 3212 1530 3251 e
1570 3192 1957 3271 sequentibus
1987 3192 2237 3251 verbum
2269 3185 2508 3268 ἐπάγειν
2537 3189 2710 3248 facile

663 3294 773 3353 tibi
818 3294 1094 3371 suppleas
1154 3300 1214 3353 et
1269 3315 1391 3355 vox
1435 3288 1712 3371 συνήθης
1754 3294 1876 3353 illis
1921 3294 2230 3356 adiectivis
2276 3293 2713 3352 adnumeranda

664 3396 757 3469 sit,
805 3415 1055 3474 quorum
1102 3398 1461 3456 mentionem
1506 3398 1577 3456 ad
1623 3418 1679 3474 p.
1732 3401 1830 3470 50,
1879 3392 1976 3475 516
2023 3397 2289 3457 fecimus.

835 3518 893 3574 p.
943 3504 1042 3575 52,
1087 3505 1123 3556 4
1156 3500 1221 3559 B.
1283 3496 1631 3570 αἰτιατικαῖς
1674 3502 1737 3559 in
1787 3502 2042 3578 γενικαῖς
2074 3501 2285 3559 mutari
2319 3498 2711 3558 necessarium

666 3606 771 3675 est,
819 3602 1098 3679 quoniam
1144 3603 1510 3662 accusativos
1554 3604 1628 3661 ad
1672 3603 1778 3661 illa
1806 3604 1990 3664 verba
2020 3603 2230 3661 afferre
2263 3601 2550 3660 sermonis
2585 3600 2712 3658 vul-

667 3702 824 3779 garis
869 3709 977 3763 est.

839 3827 896 3882 p.
947 3811 1041 3880 52,
1090 3813 1126 3865 4
1160 3809 1217 3867 b.
1305 3809 1399 3867 Ad
1448 3799 1558 3865 ἄπ’
1596 3804 1864 3877 ἐναντίας
1909 3810 1983 3868 cf.
2019 3810 2315 3884 Kriiger§
2350 3813 2446 3880 43,
2482 3812 2538 3884 3,
2571 3810 2605 3864 8
2654 3810 2715 3864 et

670 3909 825 3969 Plut.
890 3905 954 3967 ἐκ
1017 3910 1137 3967 τῶν
1194 3906 1277 3979 εἰς
1320 3900 1556 3969 ΓΗσίοδ.
1621 3901 1928 3987 ὖπομνημ.
2017 3916 2051 3967 9
2087 3912 2167 3969 B:
2202 3904 2607 3987 Ἀρίστιππος
2651 3903 2714 3966 δὲ

674 4006 785 4070 ἀπ’
840 4008 1111 4082 ἐναντίας
1156 4004 1192 4071 ὁ
1237 4005 1625 4090 Σωκρατικός
1671 4010 1842 4093 ἔλεγε.

844 4136 901 4192 p.
954 4121 1052 4190 52,
1103 4120 1199 4175 18.
1275 4116 1498 4193 Figura
1540 4116 1775 4176 Rhodia
1820 4118 2139 4192 depravata
2182 4121 2289 4176 est.
2352 4115 2533 4178 Velut
2575 4116 2714 4174 hae-
