3234 4950
571 320 640 394 11
1387 320 1809 387 —19—

1027 548 1082 625 c)
1149 550 1253 607 De
1300 550 1611 610 codicis
1660 551 1709 609 Ο
1758 552 2192 628 excerptis.

755 671 841 729 Ea
884 688 962 728 ex
1004 670 1159 728 libro
1205 670 1419 728 hausta
1463 689 1621 744 esse,
1675 672 1775 751 qui
1821 672 2184 732 recensionis
2228 673 2276 731 B
2320 672 2629 732 rectiorem

575 773 1290 850 imaginem'Qpraebebam
1355 773 1499 831 satis
1556 774 1696 831 inde
1742 775 2042 854 sequitur,
2107 777 2264 854 quod
2312 776 2630 851 figurarum

575 877 816 935 nomina
860 876 1063 935 eodem
1111 876 1283 933 modo
1331 880 1508 954 atque
1554 877 1735 936 Laur.
1782 877 2068 937 exhibent
2130 877 2229 954 (cf.
2277 898 2429 957 quae
2477 879 2548 936 de
2594 880 2631 936 b

573 980 764 1055 primo
831 979 961 1039 loco
1020 977 1320 1056 diximus).
1426 978 1603 1037 Illum
1672 981 1929 1039 codicem
1988 1001 2105 1039 non
2164 982 2627 1042 Laurentianum

572 1089 836 1142 nostrum
880 1082 1064 1140 fuisse
1109 1081 1248 1139 hinc
1295 1082 1721 1155 cognoscimus,
1766 1084 1924 1161 quod
1971 1089 2387 1160 excerptorum
2428 1089 2632 1142 auctor

570 1185 857 1244 nonnulla
901 1185 1077 1243 huius
1121 1184 1338 1244 codicis
1381 1183 1534 1243 vitia
1573 1185 1805 1258 vitavit,
1868 1206 1900 1245 e
1946 1187 2163 1265 quibus
2221 1206 2403 1245 unum
2467 1191 2629 1246 certe

573 1309 689 1348 non
752 1308 830 1347 ex
873 1289 1115 1363 ingenio
1168 1289 1778 1364 emendare'poterat.
1867 1290 1984 1347 Pro
2033 1289 2426 1348 Laurentiani
2471 1289 2625 1348 enim

569 1383 836 1468 ἡρωϊκόν
916 1391 998 1468 (p.
1051 1396 1150 1464 39,
1203 1390 1266 1469 9)
1344 1391 1519 1449 offert
1592 1384 1866 1469 Τρωϊκόν
1939 1412 2071 1450 cum
2136 1393 2174 1450 b
2254 1391 2629 1451 consentiens

571 1496 654 1571 (p.
690 1493 830 1567 270,
866 1495 991 1571 28).
1080 1494 1353 1554 Ceterum

994 1632 1145 1679 Laut.
2108 1630 2151 1677 O

570 1731 617 1776 p.
657 1717 737 1772 35,
775 1720 838 1765 15
873 1709 1240 1783 Ἀλκαβανικόν
1622 1729 1669 1776 p.
1710 1716 1827 1776 270,
1866 1719 1927 1765 13
1963 1709 2306 1780 ’Δλκμανικόν

570 1818 616 1863 p.
658 1805 741 1862 43,
780 1805 842 1850 15
878 1817 957 1849 om
992 1797 1337 1866 πληθυντικάς
1623 1815 1670 1860 p.
1709 1802 1824 1859 271,
1860 1804 1923 1850 82
1960 1795 2305 1865 πληθυντικσὶς

571 1904 619 1949 p.
659 1891 741 1949 45,
778 1891 807 1936 6
879 1882 1142 1950 οὐδέτερον
1621 1900 1669 1946 p.
1706 1890 1821 1943 272,
1856 1887 1885 1932 6
1959 1879 2245 1950 οὐδετέροις

570 1989 615 2034 p.
653 1973 838 2041 46,‡25
877 1967 1033 2037 ἡμεῖς
1623 1986 1670 2031 p.
1711 1973 1829 2032 271,
1866 1974 1926 2020 22
1967 1966 2115 2034 ὑμεῖς

568 2074 615 2119 p.
655 2063 739 2121 48,
778 2063 805 2108 9
875 2053 932 2110 τὸ
972 2055 1031 2111 δὲ
1065 2057 1131 2124 τῇ
1172 2055 1348 2122 γενικῇ
1373 2051 1568 2107 πτώσει
1621 2073 1669 2118 p.
1708 2061 1826 2117 271,
1864 2060 1929 2105 30
1965 2050 2198 2107 ’Δττικόν
2234 2054 2291 2108 τὸ
2332 2055 2399 2123 τῇ
2438 2055 2621 2122 δοτικῇ

873 2139 1078 2208 γενικὰς
1148 2139 1400 2208 ἐπιφέρειν
1465 2141 1566 2193 τῶν
1960 2138 2155 2200 πτώσει
2191 2137 2394 2205 γενικὰς
2446 2140 2622 2207 ἐπιφέ-

873 2222 1118 2280 Ἀττικῶν
1153 2225 1274 2279 ἐστι.
1314 2225 1445 2293 φασὶ
1467 2223 1565 2292 γὰρ
1724 2228 1746 2249 “
1964 2243 2065 2290 ρειν
2101 2228 2208 2279 κτλ.

876 2307 997 2380 ισιῖκ
1056 2304 1116 2365 ἂν
1188 2309 1313 2378 ἡμῖν
1376 2310 1565 2380 συνέβη

872 2399 1019 2452 τοῦτο
1086 2399 1266 2450 παθεῖν
1337 2393 1565 2466 εὐσεβῶν

874 2480 1074 2540 ὄντων’.

567 2591 616 2636 p.
653 2578 735 2635 52,
771 2577 834 2624 18
869 2569 1102 2626 Ῥοδικόν
1617 2588 1667 2633 p.
1708 2573 1824 2632 272,
1859 2574 1922 2621 22
1959 2564 2225 2622 Ῥοδιακόν

566 2677 615 2722 p.
654 2663 738 2721 53,
772 2663 835 2709 15
869 2653 1193 2711 Ἀσιασιανόν
1617 2674 1666 2719 p.
1706 2645 1921 2718 2⁷2,'27
1959 2648 2211 2709 Ἀσιανῶν

738 2784 1038 2859 Excerpta
1080 2780 1298 2841 codicis
1344 2778 1392 2837 Ο
1455 2779 1647 2838 denuo
1700 2777 2022 2838 lectoribus
2066 2776 2243 2854 plena
2285 2794 2622 2852 proponere
2683 2821 2688 2827 .

565 2900 1066 2964 supervacaneum
1110 2884 1306 2943 visum
1338 2887 1445 2941 est.
1506 2880 1979 2956 Discrepantiam
2014 2878 2287 2937 lectionis
2318 2878 2615 2950 adnotavi,

562 2989 663 3049 ubi
711 2990 859 3048 scire
904 2989 1168 3059 interest,
1214 2985 1358 3065 quid
1403 2983 1592 3044 codex
1636 2982 1738 3042 ille
1783 2983 2081 3058 praebeat.

735 3091 877 3151 Tres
934 3090 1119 3164 igitur
1174 3085 1538 3147 recensionis
1584 3086 1657 3143 Β·
1694 3090 1875 3145 testes
1931 3086 2102 3144 nobis
2162 3088 2399 3167 praesto
2459 3088 2617 3156 sunt,

565 3218 814 3277 quorum
860 3191 1326 3255 Laurentianum
1370 3187 1775 3247 fidelissimum
1821 3188 2125 3246 habemus.
2199 3184 2617 3261 Disputatione

564 3303 634 3360 de
695 3299 877 3362 variis
893 3290 1178 3381 *libelliig
1194 3291 1397 3352 formis
1458 3291 1541 3350 sic
1599 3290 1671 3348 ad
1732 3289 1911 3348 finem
1970 3290 2252 3366 perducta
2310 3291 2618 3346 stemmate

563 3401 1007 3474 illusa-abimus,
1058 3415 1209 3476 quae
1255 3393 1632 3471 perspexisse
1677 3394 1851 3453 nobis
1892 3393 2231 3455 videamur:
