3234 4950
1407 358 1829 424 ——22—
2589 366 2659 435 Ι,

809 538 863 589 3.
913 531 1288 591 Matritensis
1321 538 1399 591 95
1446 532 1779 610 descriptus
1825 536 1899 591 ab
1944 533 2190 593 Iriartio
2239 535 2483 616 “regiae
2528 535 2660 596 bib-

907 634 1208 694 liothecae
1272 635 1644 695 Matritensis
1710 636 1876 695 codd.
1944 635 2157 697 Graeci
2224 658 2359 697 mss.
2420 639 2545 699 vol.
2607 640 2659 700 Ι.

907 736 1151 796 Madrid
1185 737 1423 798 1769”:
1470 738 1656 798 chart.
1688 739 1752 797 in
1786 743 1865 812 4.,
1911 745 2073 799 totus
2103 739 2483 800 Constantini
2516 742 2659 800 Las-

912 839 1131 899 caridis
1192 860 1372 900 manu
1420 848 1717 901 exaratus.
1811 842 2180 920 opusculum
2225 848 2496 903 nostrum
2540 843 2658 904 inc.

908 964 964 1021 p.
1015 943 1158 1003 377.

505 1063 582 1141 (f)
809 1068 864 1124 4.
912 1063 1303 1125 Florentinus
1345 1064 1499 1140 plut.
1545 1065 1652 1124 LV
1699 1067 1823 1125 cod.
1877 1071 1973 1144 14,
2036 1068 2281 1126 membr.
2326 1065 2387 1124 in
2440 1070 2494 1125 4.
2548 1065 2658 1125 mi-

909 1167 1042 1226 nori
1108 1187 1151 1224 s.
1202 1167 1337 1225 XV.
1400 1168 1664 1244 optimae
1728 1168 2092 1247 scripturae,
2178 1168 2298 1230 inc.
2365 1172 2657 1229 tractatus

914 1291 974 1330 n.
1007 1269 1114 1330 VI.
1161 1288 1220 1345 p.
1254 1271 1427 1331 212b
1451 1270 1527 1348 ¹).

741 1541 790 1607 1)
827 1545 954 1592 Fere
989 1550 1178 1593 certum
1215 1549 1293 1592 est
1328 1558 1387 1592 ex
1427 1545 1524 1592 hoc
1571 1546 1741 1592 codice
1789 1560 1877 1593 ms.
1916 1546 2154 1592 Varinum
2190 1546 2528 1594 Phavorinum
2563 1548 2656 1595 Ca-

600 1634 807 1677 mertem
842 1630 1003 1676 lexico
1039 1644 1129 1677 suo
1167 1628 1360 1677 Graeco
1394 1630 1721 1677 Lesbonactis
1755 1631 1930 1690 libelli,
1973 1631 2136 1690 qualis
2171 1632 2223 1678 in
2260 1646 2356 1680 rec.
2396 1632 2428 1677 b
2462 1632 2656 1692 legitur,

600 1716 724 1762 haec
772 1715 1114 1762 immiscuisse:
1175 1708 1399 1781 Εὐβοεῖς
1447 1714 1515 1778 (p.
1568 1717 1682 1775 781,
1722 1719 1787 1764 20
1834 1716 1913 1763 ed.
1964 1716 2117 1764 Basil.
2171 1713 2348 1781 1538),
2403 1713 2661 1780 Κορίνθιοι

601 1800 668 1862 (p.
713 1801 862 1856 1092,
897 1800 970 1861 4),
1006 1791 1220 1866 ’Ίβυκες
1254 1797 1322 1866 (p.
1365 1801 1481 1860 924,
1520 1799 1623 1864 32),
1676 1795 1960 1865 Ἀλκμᾶνες
1998 1799 2063 1868 (p.
2104 1805 2219 1862 119,
2258 1801 2359 1866 56),
2397 1799 2658 1863 Κλαζομε-

600 1889 702 1942 νεῖς
737 1885 804 1947 (p.
836 1888 982 1942 1061,
1008 1883 1079 1947 4),
1115 1882 1431 1948 Κολοφώνιοι
1467 1886 1639 1948 (1082,
1673 1889 1776 1945 22),
1814 1884 2023 1936 Σικελοί
2057 1890 2233 1947 (1647,
2268 1883 2369 1952 40),
2400 1879 2658 1950 ‘'En-mos<

601 1969 648 2021 οἱ
699 1966 781 2021 ἐπὶ
830 1968 926 2033 τῆς
961 1962 1202 2028 Ἀσιάδος
1254 1970 1393 2036 (628,
1430 1974 1535 2030 40),
1576 1969 1758 2033 Τρῶες
1797 1973 1971 2037 (1782,
2009 1974 2080 2033 8),
2116 1965 2338 2022 ’Armet
2374 1970 2514 2035 (314,
2552 1971 2656 2035 39).

603 2055 749 2115 Quod
774 2071 832 2103 eo
857 2055 1112 2116 probatur,
1150 2058 1280 2116 quod
1317 2058 1461 2105 lexici
1496 2064 1745 2105 auctorem
1785 2059 2021 2119 praefecti
2058 2058 2385 2104 bibliothecae
2408 2058 2656 2105 Mediceae

600 2156 803 2188 munere
826 2141 913 2207 (ab
939 2155 983 2189 a.
1017 2140 1168 2204 1512)
1198 2157 1285 2203 per
1309 2142 1512 2204 aliquod
1537 2148 1732 2204 tempus
1758 2145 1977 2190 functum
2002 2157 2109 2190 esse
2136 2142 2362 2190 novimus
2392 2142 2476 2206 (cf.
2501 2143 2657 2203 ipsius

601 2227 863 2286 praefatio,
906 2227 1122 2274 Fabricii
1160 2227 1383 2275 biblioth.
1424 2228 1602 2277 Graec.
1642 2230 1741 2275 vol.
1781 2229 1853 2276 VI
1888 2244 1935 2289 p.
1976 2226 2125 2291 648);
2166 2228 2344 2274 deinde
2379 2242 2659 2287 quanquam

602 2313 653 2358 in
700 2318 843 2373 parte
891 2312 1218 2360 Lesbonactis
1271 2314 1495 2373 opusculi
1545 2329 1575 2361 a
1622 2315 1811 2361 Varino
1862 2314 2184 2374 transscripta
2233 2314 2426 2361 codices
2476 2327 2573 2361 rec.
2626 2314 2658 2359 b

600 2399 889 2458 plerumque
928 2400 1088 2445 levem
1123 2403 1312 2446 tantum
1347 2398 1573 2447 lectionis
1609 2400 1901 2448 varietatem
1944 2398 2204 2459 praebent,
2252 2414 2375 2459 quae
2426 2400 2496 2446 rei
2533 2401 2658 2447 diiu-

602 2485 842 2532 dicandae
877 2485 1163 2534 facultatem
1216 2502 1316 2533 non
1353 2487 1468 2546 dat,
1518 2492 1684 2533 tamen
1738 2486 1835 2533 duo
1873 2485 2148 2533 Florentini
2194 2485 2396 2546 propria
2430 2472 2662 2545 graviora

604 2571 752 2617 etiam
787 2570 839 2617 in
874 2571 963 2617 illo
998 2570 1157 2618 lexico
1192 2572 1516 2633 reperiuntur.
1587 2572 1808 2618 Primum
1850 2572 1979 2618 enim
2015 2571 2269 2630 utriusque
2308 2574 2481 2617 auctor
2516 2570 2660 2618 seriei
3199 2570 3215 2611 4

603 2656 877 2703 Atticarum
911 2657 1181 2716 figurarum
1217 2658 1363 2705 etiam
1400 2671 1550 2704 unum
1585 2657 1707 2703 illud
1743 2657 1940 2704 schema
1975 2656 2191 2702 Atticum
2227 2655 2478 2713 adnexuit,
2529 2656 2661 2714 quod

604 2742 656 2787 in
692 2755 787 2787 rec.
825 2741 868 2787 Β
903 2756 962 2788 eo
997 2743 1105 2789 loco
1142 2748 1461 2800 remanserat,
1515 2756 1660 2801 quem
1713 2742 1763 2787 iu
1800 2756 1897 2788 rec.
1935 2742 1978 2787 A
2015 2740 2272 2788 obtinebat
2307 2738 2373 2805 (p.
2400 2744 2481 2798 48,
2509 2740 2560 2803 9)
2596 2741 2660 2787 cf.
3213 2717 3214 2770 ¹

605 2840 758 2887 supra
793 2841 842 2886 p.
868 2831 915 2875 4.
989 2828 1160 2888 Neque
1219 2828 1404 2890 opponi
1466 2833 1631 2889 potest
1688 2827 1925 2874 Varinum
1985 2826 2132 2873 etiam
2195 2826 2529 2885 manuscripto
2588 2828 2659 2873 uti
3213 2813 3214 2854 ¹

605 2912 840 2972 potuisse,
891 2912 1021 2972 quod
1057 2912 1181 2960 illud
1217 2914 1431 2961 Atticum
1468 2929 1579 2961 cum
1614 2912 1817 2971 reliquis
1855 2912 2032 2959 Atticis
2068 2912 2286 2958 nondum
2327 2911 2662 2959 consociatum

605 2996 840 3057 habebat,
876 3011 986 3043 cum
1024 2997 1246 3047 ordinem
1282 2998 1648 3059 alphabeticum
1684 3003 1879 3045 secutus
1911 3010 2079 3044 omnes
2106 2998 2296 3045 Atticas
2330 2997 2514 3056 figuras
2549 3012 2662 3044 con-

606 3084 796 3130 iunctas
830 3097 1213 3131 commemorare
1256 3085 1470 3131 deberet.
1539 3085 1666 3130 Nam
1717 3084 1983 3143 schemata,
2037 3097 2245 3143 quorum
2289 3088 2403 3142 post
2438 3082 2601 3129 Attica
2635 3098 2664 3128 a

605 3169 915 3217 Lesbonacte
964 3170 1146 3217 mentio
1193 3171 1263 3228 fit,
1314 3169 1697 3229 lexicographus
1745 3170 1890 3230 plane
1944 3169 2160 3228 neglexit
2206 3168 2374 3229 itaque
2425 3168 2664 3215 Varinum

607 3255 928 3315 posteriorem
963 3259 1155 3313 partem
1190 3255 1336 3302 huius
1372 3255 1627 3315 scriptoris
1665 3255 1822 3302 libelli
1860 3270 1957 3303 non
1994 3249 2197 3314 legisse,
2232 3268 2348 3313 ergo
2386 3267 2445 3299 ex
2480 3252 2663 3308 codice,

606 3342 689 3401 qui
726 3354 896 3388 omnes
931 3339 1115 3399 figuras
1150 3340 1339 3387 Atticas
1394 3340 1629 3387 collectas
1677 3340 1926 3408 offerebat,
1980 3340 2203 3387 hausisse
2245 3338 2516 3387 verisimile
2564 3338 2664 3385 exi-

605 3426 766 3474 stimo.
837 3427 994 3472 Porro
1045 3425 1137 3471 sub
1186 3425 1265 3485 fig.
1302 3424 1466 3472 Attica
1514 3425 1661 3472 modo
1709 3431 1922 3473 tractata
1970 3426 2039 3490 (p.
2079 3428 2163 3484 48,
2212 3423 2296 3487 12)
2349 3425 2482 3471 Flor.
2536 3423 2665 3470 hanc

608 3512 939 3574 corruptelam
976 3510 1204 3571 praebet:
1242 3501 1351 3572 ιοιῗκ
1377 3503 1493 3561 οἶνὸν
1520 3504 1646 3573 ἡμῖν
1681 3507 1867 3576 συνέβη
1892 3508 2041 3561 τοῦτο
2064 3509 2260 3561 παθεῖν’
2294 3510 2488 3575 (reliqui
2523 3509 2664 3556 codd.
3213 3479 3214 3546 Ῑ

609 3592 731 3659 ιοὐκ
767 3586 829 3646 ἄν
866 3589 991 3660 ἡμῖν
1030 3591 1218 3661 συνέβη
1233 3594 1268 3654 ’)
1319 3600 1368 3642 et
1400 3580 1618 3642 varinus
1654 3596 1850 3656 scripsit
1894 3589 2012 3659 ιοὐκ
2048 3586 2106 3645 ἂν
2145 3581 2258 3644 οὖν’
2293 3610 2353 3643 ex
2388 3595 2668 3642 coniectura
3213 3595 3214 3602 ’

607 3682 788 3731 codicis
823 3680 1048 3743 apicibus
1084 3681 1464 3728 accommodata.

745 3785 918 3832 Varini
965 3784 1178 3844 vestigia
1224 3798 1396 3831 rursus
1440 3789 1728 3843 persecutus
1778 3790 1851 3831 est
1901 3783 2043 3832 lexici
2093 3787 2280 3842 auctor,
2329 3783 2461 3842 quod
2501 3783 2665 3829 Phile-

608 3871 768 3918 monis
805 3885 981 3917 nomen
1018 3870 1068 3916 in
1109 3870 1273 3917 fronte
1307 3869 1448 3929 gerit.
1520 3868 1616 3927 Qui
1659 3869 1750 3916 sub
1786 3885 1835 3917 v.
1873 3862 2074 3933 εὕφυῆς
2107 3869 2196 3927 fig„
2227 3868 2500 3915 Euboicam
2535 3868 2559 3913 I
2594 3868 2666 3914 in-

608 3971 753 4004 verso
791 3956 998 4004 duarum
1042 3957 1254 4017 partium
1302 3955 1474 4002 ordine
1520 3955 1737 4003 rettulitx
1788 3948 2013 4019 εὐφυής·
2052 3948 2079 4004 o‘
2116 3947 2286 4012 δεξιὰν
2331 3949 2483 4018 φύσιν
2522 3948 2667 4018 ἔχων.

609 4034 832 4108 Εὐβοεῖς
881 4035 1101 4107 ,εὐφυὴς
1138 4037 1349 4092 παιδίον·
1400 4036 1644 4103 λέγουσιν,
1692 4043 1798 4097 τοῖς
1844 4032 2127 4101 οὐδετέροις
2164 4031 2381 4103 ὀνόμασι
2426 4031 2669 4100 ἀρσενικὰ
