3234 4950
1426 289 1850 356 -54—
2593 292 2660 352 ΙΙ

1065 471 1121 525 A
1781 524 1784 527 Α
2161 467 2209 522 Β

609 561 800 649 τικὴν)
833 560 962 627 dmi
989 559 1212 646 όρθῆς·
1247 566 1336 646 ιεί
1366 565 1560 637 θέλεις
1592 571 1621 625 1

611 663 942 729 οἷναστάντα
1006 674 1224 729 κλεῖσαι
1284 664 1392 746 τὴν
1444 665 1557 728 θύ-

612 774 754 850 ραν’
844 765 972 830 ἀντὶ
1046 775 1152 831 τοῦ
1235 765 1559 856 ἄναστοὶ<ς>,

614 927 629 953 c
649 868 988 934 ἀπελθόντα
1018 870 1358 935 λούσασθαι
1376 877 1391 903 ’
1425 872 1560 934 ἀντὶ

612 980 721 1037 τοῦ
766 971 1062 1037 ἀπελθών.
1593 982 1626 1035 5

696 1081 920 1140 XXXI
997 1075 1305 1139 Ἐναντίον
1364 1073 1428 1139 δ’
1489 1073 1563 1137 ἂν
1804 1081 2027 1139 XXXI
2110 1080 2141 1158 ἓ
2210 1074 2667 1159 Ἀργολικόν

613 1182 704 1257 εἴη
765 1176 957 1264 τούτῳ
1019 1186 1098 1263 τῷ
1162 1178 1409 1259 σχήματι
1471 1177 1558 1264 (vd
1720 1180 1839 1240 ἐστι
1869 1177 1983 1264 (τό)
2019 1176 2228 1264 εὐθείᾳ
2257 1185 2515 1260 χρῆσθαι
2535 1178 2665 1240 ἀντὶ

608 1280 677 1345 'A
696 1308 730 1364 ρ
748 1308 783 1364 γ
800 1307 831 1344 ο
852 1289 881 1343 λ
903 1309 923 1344 ι
942 1308 977 1344 κ
996 1281 1029 1344 ό
1045 1282 1102 1367 v)
1123 1333 1138 1357 ,
1217 1280 1251 1344 ὃ
1314 1283 1562 1360 ἔμπαλιν
1720 1283 2046 1359 αἰτιατικῆς
2090 1288 2208 1343 τῶν
2240 1283 2471 1345 ἑνικῶν.
2518 1284 2665 1360 φασὶ

616 1386 730 1464 ἔχει
772 1381 880 1463 τῆν
925 1383 1175 1465 μετοχὴν
1220 1385 1318 1446 ἐπὶ
1365 1383 1562 1465 ὀρθῆς
1718 1381 1830 1466 γαρ
1870 1380 2295 1469 ιιἈλέξανδρον
2324 1386 2543 1473 λέγεται
2584 1387 2669 1446 ἐλ-

615 1487 892 1559 πτιόσεως
998 1483 1126 1548 ἀντὶ
1214 1488 1561 1564 αἰτιατικῆς,
1596 1498 1690 1553 10
1720 1484 1855 1548 θῶν
1927 1488 2011 1560 εἰς
2074 1488 2314 1569 Πέρσας
2382 1492 2669 1567 νικῆσαι”

617 1586 745 1653 οἷον
809 1591 865 1650 εἴ
917 1614 1003 1662 τις
1064 1590 1218 1651 εἴποι
1294 1644 1330 1670 “
1344 1588 1562 1670 λέγεται
1721 1586 1852 1651 ἀντὶ
1882 1595 1990 1651 τοῦ
2022 1587 2294 1653 ἐλθόντα.
2343 1592 2443 1652 καὶ
2467 1587 2669 1669 ‘'Oun-

610 1690 996 1773 Ἀλέξανδρον
1063 1688 1167 1754 τόν
1232 1688 1563 1754 Μακεδόνα
1723 1717 1827 1773 ρος
1874 1752 1905 1777 ιι
1921 1692 2076 1771 φημὶ
2123 1689 2281 1777 (γάρ)
2337 1682 2447 1754 οὖν
2493 1716 2668 1754 κατα-

617 1802 838 1873 τραῑσαι
897 1791 1036 1867 τούς
1086 1794 1324 1875 Πέρσας
1369 1792 1565 1856 ἐλθών
1722 1801 1922 1857 νεῦσαι
1970 1790 2301 1875 ὖπερμενέα
2349 1798 2666 1876 Κρονίωνα

619 1899 702 1970 εἰς
773 1901 989 1977 χωρίον
1047 1902 1153 1975 τῆς
1218 1899 1510 1977 Περσίδος
1527 1900 1562 1926 ”
1723 1893 2161 1977 -ἆστράπτων
2178 1897 2493 1983 (ἐπιδέξι’),
2518 1897 2671 1958 ἔναι’-

617 1999 750 2062 ἀντὶ
794 2005 902 2060 τοῦ
933 1996 1204 2061 ἐλθόντα.
1254 1996 1557 2077 καὶ”Ὀμη-
1600 2011 1628 2065 1
1660 2012 1692 2065 5
1725 2021 1865 2078 σιμα
1889 1998 2120 2079 σήματα
2150 2000 2416 2077 φαίνων”
2432 2004 2509 2082 (Β
2524 2006 2671 2082 850)
2744 2029 2747 2033 ’

619 2127 723 2183 ρος
769 2156 804 2183 “
823 2101 978 2179 φημὶ
1025 2098 1183 2187 (γάρ)
1236 2092 1345 2163 οὗν
1390 2126 1565 2163 κατα·
1725 2105 1826 2166 καὶ
1872 2100 1987 2188 ικὸ)
2024 2100 2087 2163 δ’
2132 2099 2422 2184 ἀγλαΐηφι
2464 2125 2673 2164 πεποι-

616 2211 818 2266 νεῦσαι
840 2199 1568 2284 ὗπερμενὲαΚρονίωνα-
1727 2203 1877 2284 θοός,
1922 2208 2116 2287 ῥίμφα
2160 2205 2189 2267 ἒ
2231 2211 2421 2287 γοῦνα
2460 2204 2673 2285 φέρει”

622 2303 976 2385 ἀστράπτων
998 2306 1297 2379 ἔπιδέξια”
1323 2311 1401 2388 (Β
1421 2313 1570 2386 350)
1729 2315 1809 2390 (Ζ
1856 2310 2009 2393 510)
2086 2306 2215 2369 ἀντὶ
2288 2313 2399 2369 τοῦ
2474 2331 2677 2370 πεποι·

623 2407 752 2472 ἀντὶ
797 2414 902 2471 τοῦ
949 2404 1372 2490 οἷστράπτοντα.
1728 2411 1900 2476 θότα.
1953 2415 1984 2494 ᾖ

693 2555 721 2598 3
771 2542 998 2606 ἀναστάς
1037 2551 1271 2596 Vossius:
1326 2543 1523 2601 οἷνάστα
1547 2549 1568 2617 ΙΙ
1796 2558 1825 2602 6
1863 2555 1991 2615 §—·§
2017 2550 2125 2618 (19)
2153 2554 2212 2598 ef.
2241 2567 2290 2611 p.
2319 2553 2403 2609 48,
2423 2552 2484 2596 21
2504 2544 2677 2613 Ἀργο-

625 2639 654 2682 8
693 2624 722 2686 3
760 2636 799 2679 Ρ
836 2626 870 2696 ἦ
901 2636 941 2681 F
967 2633 987 2699 fl
1017 2638 1076 2682 12
1106 2631 1191 2685 τὸν
1215 2636 1256 2681 F
1292 2651 1373 2684 om
1394 2636 1480 2705 Pn
1510 2642 1570 2687 13
1729 2636 1866 2689 λικόν
1890 2640 1933 2685 L
1968 2630 2424 2701 Ἀργολογιστηκόν
2461 2631 2595 2685 ἐστιν
2618 2631 2674 2684 τὸ

624 2718 844 2782 τρῶσαιε
893 2718 1121 2781 στρῶσαι
1167 2722 1277 2768 coni
1316 2723 1474 2793 Valck
1510 2725 1573 2771 ad
1730 2718 1910 2790 εὐθείᾳ
1947 2722 1991 2770 Ο
2030 2724 2098 2787 (p.
2121 2725 2237 2780 272,
2267 2724 2353 2783 10)
2387 2713 2679 2785 ’Δργολικόν

625 2807 742 2851 Eur.
788 2807 970 2853 Phoen.
996 2808 1091 2853 481
1122 2804 1142 2871 Η
1170 2810 1232 2854 18
1270 2804 1497 2869 ἐπιδέξια
1531 2813 1573 2858 Ε·
1731 2803 2178 2875 (Ἀργολογικόνρ)
2193 2803 2372 2873 σχῆμά
2388 2803 2498 2855 ἐστι
2521 2801 2579 2856 τὸ
2603 2797 2679 2855 εὖ·

626 2886 709 2940 ἐπὶ
745 2886 887 2949 δεξιὰ
910 2893 951 2937 P
978 2889 998 2956 ΙΙ
1030 2895 1090 2941 19
1116 2893 1166 2938 in
1184 2893 1280 2940 fine
1309 2892 1450 2953 τέλος
1474 2893 1574 2946 τῶν
1733 2894 1850 2961 θείᾳ
1875 2896 1935 2942 b:
1972 2886 2092 2945 ἄλλο
2118 2889 2347 2942 Ἀττικόν
2374 2892 2493 2938 olim
2516 2893 2679 2939 Maass

626 2977 693 3041 κβ
718 2973 996 3041 σχημάτων
1021 2975 1109 3028 τοῦ
1138 2975 1510 3044 Λεσβιόνακτος
1535 2981 1575 3026 F
1733 2997 1793 3030 ex
1829 2981 1981 3027 schol.
2004 2979 2050 3026 T
2070 2976 2113 3028 B
2140 2981 2236 3026 353
2265 2977 2334 3041 (v.
2354 2979 2484 3024 infra
2503 2977 2638 3036 adn.)
2661 2974 2680 3044 fl

1650 3048 1657 3215 Ι
1735 3070 1792 3114 11
1818 3060 2032 3115 ἐλθόντα
2049 3065 2091 3111 L
2116 3065 2140 3110 f
2159 3059 2395 3120 ἐλθόντος
2412 3079 2444 3123 p
2463 3070 2483 3111 t
2499 3077 2580 3110 om
2597 3062 2641 3110 Ο
2661 3060 2679 3130 ΙΙ

1735 3150 1882 3218 14115
1913 3147 2141 3213 ἐναίνιμα
2163 3151 2207 3196 L
2233 3146 2471 3213 αἰνέσιμα
2489 3148 2533 3206 O
2551 3146 2678 3199 ἐναί-

1618 3281 1629 3288 .
1733 3253 1857 3300 σιμα
1894 3238 1926 3283 b
1966 3236 1987 3295 ΙΙ
2030 3232 2182 3302 18119
2231 3231 2510 3286 πεποιθότα
2559 3236 2601 3282 L
2647 3250 2679 3295 p

1729 3317 2038 3377 πεποιθότας
2064 3322 2085 3366 f
2108 3316 2408 3377 πεποιθότος
2431 3327 2451 3368 t
2475 3336 2556 3368 om
2576 3320 2619 3368 Ο

768 3562 797 3606 6
852 3559 1007 3605 schol.
1054 3559 1100 3603 T
1131 3556 1175 3606 B
1213 3562 1310 3605 353
1354 3561 1446 3625 (VI
1487 3577 1534 3621 p.
1565 3563 1716 3621 499):
1767 3552 2136 3643 (ἄστροὶπτων)]
2193 3555 2247 3609 τὸ
2295 3559 2475 3626 σχῆμα
2512 3552 2680 3624 ὅμοιον

631 3642 705 3710 τῷ
752 3683 782 3705 u
802 3639 913 3701 ἐξὸν
950 3638 1217 3693 καθεύδων
1265 3640 1358 3710 τὴν
1409 3642 1666 3709 ἐρωμένην
1723 3642 1899 3712 ἔχειν”
1949 3644 2028 3711 (fr.
2082 3661 2207 3692 com.
2265 3647 2431 3705 adesp.
2489 3649 2552 3694 83
2607 3647 2678 3692 IV

634 3745 679 3788 p.
711 3731 808 3776 265
847 3726 918 3777 Μ.
944 3730 1015 3775 111
1051 3731 1148 3775 282
1182 3726 1284 3791 Κ.).
1346 3726 1454 3780 ἔστι
1489 3727 1548 3782 δὲ
1582 3727 1640 3781 τὸ
1680 3729 1861 3796 σχῆμα
1897 3724 2147 3791 Ἀττικόν,
2186 3725 2285 3780 οἷον
2322 3772 2347 3793 u
2364 3728 2563 3793 λέγεται
2594 3726 2680 3780 τὸν

631 3809 956 3876 Ἀλέξανδρον
1006 3810 1093 3862 τὸν
1144 3810 1425 3867 Μακεδόνα
1473 3816 1672 3878 τρῶσαι
1718 3811 1838 3873 τοὺς
1897 3813 2111 3880 Πέρσας
2164 3812 2325 3866 ἐλθών
2378 3812 2450 3872 εἰς
2500 3813 2681 3881 χωρίον

634 3899 731 3964 τῆς
771 3896 1082 3959 [Ιερσίδος”.
