3234 4950
1485 360 1911 425 -60-
2615 361 2716 421 ΠΙ

663 552 793 590 mus
821 531 895 608 ¹),
941 550 1138 612 neque
1181 533 1356 591 initio
1402 532 1628 608 figurae
1673 533 2031 610 respondere
2062 551 2257 612 neque
2287 533 2560 610 exemplo
2599 534 2717 591 suf·

661 635 837 694 ficere
884 636 1187 708 videntur,
1253 637 1410 714 quod
1472 635 1647 694 aliam
1705 637 1954 694 formam
2017 642 2196 716 atque
2258 632 2474 715 ιἐστίν’
2521 638 2715 696 offert.

661 737 910 796 Auxilio
979 739 1150 797 nobis
1193 738 1362 798 venit
1407 739 1649 814 Gregor.
1697 738 1981 811 Corinth,
2040 740 2142 818 qui
2205 740 2275 796 de
2335 738 2469 797 dial.
2521 740 2719 798 Attica

662 839 694 918 ξ
742 846 814 899 31
867 841 1013 900 haec
1054 841 1233 901 dicit:
1293 838 1392 898 καὶ
1453 834 1519 898 τό
1583 832 2066 918 προσλαμβάνειν
2132 836 2358 911 ἔξωθεν
2417 831 2483 897 τὸ
2530 836 2714 920 ιἐστί’

660 947 766 1021 (sc.
811 935 1091 1002 Ἀττικῶν
1135 941 1296 1021 ἔστι).
1388 940 1489 1001 καὶ
1516 937 1800 1019 ”Ομηρος

834 1044 939 1126 “sl
978 1039 1042 1104 δ’
1072 1040 1191 1121 ἤδη
1222 1048 1466 1106 τεθνᾶσι
1512 1044 1609 1105 καὶ
1645 1044 1728 1104 είν
1749 1041 1961 1105 Ἀΐδαο
1993 1042 2226 1121 δόμοισι
2243 1045 2274 1073 ”
2308 1047 2401 1124 (Χ
2421 1051 2496 1106 52
2530 1046 2715 1123 alibi).

658 1148 840 1208 λείπει
883 1143 995 1228 γάρ
1039 1143 1106 1207 vd
1154 1146 1348 1229 ιείσίζ
1441 1148 1607 1212 Quae
1667 1151 1750 1210 ita
1792 1149 2108 1224 intellego:
2173 1150 2531 1224 cogitatione
2577 1169 2715 1225 sup-

656 1253 875 1329 plenda
935 1260 1027 1313 est
1086 1253 1278 1311 forma
1338 1253 1652 1313 indicativi
1712 1253 1883 1312 verbi
1929 1252 2308 1312 substantivi.
2397 1253 2714 1311 Praeterea

663 1357 738 1415 ef.
784 1356 968 1415 schol.
1015 1354 1200 1416 Arist.
1247 1354 1398 1414 Ran.
1454 1359 1649 1414 1499:

1173 1449 1487 1533 διατριβὴν
1531 1448 1719 1535 ἄργὸν
1763 1460 2072 1516 ποιεῖσθαι

1170 1561 1707 1638 παραφρονοῦντος
1753 1554 1992 1638 ἀνδρός.

660 1663 879 1724 schol:
938 1664 1478 1741 παραφρονοῦντος
1522 1655 1772 1742 ἀνδρός]
1830 1663 2008 1722 λείπει
2073 1655 2137 1722 τὸ
2187 1660 2424 1743 ιἐστίν’,
2487 1655 2569 1733 ὥς
2613 1660 2714 1722 καὶ

659 1758 724 1824 τό
771 1758 1094 1843 Ὁμηρικόν
1155 1763 1259 1846 ιιεί
1299 1762 1356 1824 δ’
1410 1760 1527 1842 ἤδη
1573 1769 1821 1825 τεθνᾶσι
1882 1763 1985 1824 καὶ
2031 1764 2117 1824 εἰν
2160 1758 2364 1825 Ἀΐὸαο
2407 1760 2642 1842 δόμοισι
2661 1765 2710 1823 ”.

656 1867 838 1928 λείπει
884 1862 998 1948 γᾶρ
1043 1867 1365 1930 κάνταῦθα
1408 1863 1474 1928 τό
1523 1867 1725 1950 ιἐστί’.
1816 1870 2072 1948 Blaydes
2118 1877 2286 1931 notat
2330 1869 2365 1928 δ
2411 1875 2533 1930 834
2582 1857 2712 1950 ((ιῆ

657 1963 774 2048 ἤδη
819 1968 1074 2048 τέθνηκε
1119 1969 1220 2032 καὶ
1265 1970 1397 2031 εἷν”
1444 1975 1607 2048 κτλ.).

827 2077 1215 2136 Recensionis
1256 2080 1314 2137 A
1360 2073 1558 2156 ιεἰμί’,
1606 2097 1738 2135 cum
1782 2096 1899 2156 quo
1931 2083 2160 2153 spectet
2189 2096 2309 2135 non
2339 2076 2708 2152 perspiciam,

654 2178 718 2236 in
765 2174 982 2258 ‘elusit’
1043 2181 1389 2239 mutandum
1435 2199 1563 2238 esse
1607 2187 1771 2255 puto,
1837 2187 1904 2239 ut
1976 2181 2048 2238 ad
2095 2179 2350 2257 exempli
2399 2179 2706 2259 sequentis

657 2283 841 2340 verba
885 2283 1206 2352 referatur3
1252 2275 1294 2356 ἢ
1341 2279 1559 2362 ,εἰμέν
1606 2285 1680 2341 ab
1717 2289 1786 2354 A,
1834 2285 1936 2362 qui
1983 2284 2045 2340 in
2087 2301 2235 2343 voce
2267 2278 2486 2361 ιἐστίν’
2521 2283 2708 2339 offen·

662 2384 847 2456 derat,
893 2385 1155 2443 additum
1202 2405 1328 2444 esse
1373 2387 1695 2447 verisimile
1741 2387 1931 2445 credo.

830 2508 890 2563 p.
939 2491 1038 2560 35,
1086 2485 1186 2569 7l8
1245 2495 1305 2547 et
1347 2510 1406 2564 p.
1456 2495 1553 2560 36,
1610 2489 1707 2569 ls2
1741 2494 1813 2551 A.
1904 2488 2193 2568 Exempla
2252 2489 2389 2548 ficta
2447 2508 2573 2548 esse
2634 2489 2709 2546 ab

657 2598 894 2651 auctore
937 2592 1076 2650 inde
1123 2592 1438 2665 concludo,
1506 2595 1661 2672 quod
1722 2593 1981 2653 Socratis
2041 2605 2101 2652 et
2147 2593 2412 2652 Platonis
2471 2592 2712 2651 nomina

656 2694 1050 2769 grammaticis
1123 2695 1185 2750 in
1249 2695 1476 2754 deliciis
1552 2696 1734 2754 fuisse
1794 2696 2091 2756 videntur.
2194 2696 2493 2754 Socratem
2554 2694 2708 2753 enim

659 2797 832 2872 Diog.
880 2798 1083 2875 Babyl.
1134 2797 1329 2875 (Diog.
1368 2799 1434 2856 L.
1487 2799 1604 2857 VH
1653 2798 1684 2876 ξ
1723 2798 1831 2877 58)
1876 2805 1945 2857 ut
1975 2799 2052 2858 sit
2083 2799 2421 2874 exemplum
2455 2797 2711 2856 nominis

654 2900 878 2977 proprii
910 2901 1154 2975 profert,
1187 2900 1376 2960 utitur
1407 2904 1612 2959 eodem
1645 2903 1891 2978 Dionys.
1908 2902 2044 2960 Thr.
2069 2906 2168 2979 24,
2188 2906 2241 2961 5.
2266 2906 2365 2974 33,
2385 2902 2418 2958 7
2455 2900 2702 2979 (Uhlig).

657 3002 854 3078 Apoll.
900 3003 1077 3079 Dysc.
1129 3005 1200 3060 de
1246 3010 1463 3063 constr.
1510 3025 1568 3080 p.
1617 3009 1759 3077 299,
1808 3010 1908 3064 25.
1956 3006 2027 3063 de
2074 3024 2242 3079 pron.
2292 3009 2369 3061 29
2403 3009 2478 3063 A.
2529 3008 2605 3061 65
2640 3004 2705 3062 Β.

661 3110 739 3163 88
770 3105 838 3166 Β.
908 3106 1199 3166 Secuntur
1244 3108 1305 3165 in
1352 3109 1462 3167 hac
1506 3127 1570 3166 re
1616 3108 1957 3168 Aristotelis
2002 3108 2505 3180 consuetudinem,
2553 3108 2731 3185 apud¹

654 3226 827 3288 quem
874 3210 1180 3270 invenitur
1225 3211 1566 3287 saepissime
1612 3212 1841 3289 positus
1874 3206 2262 3291 ‘Zoenooe'mg'
2296 3231 2402 3287 pro
2434 3209 2708 3285 exemplo

656 3361 686 3390 u
705 3311 811 3368 τοῦ
856 3305 1016 3380 τινός
1061 3303 1443 3390 ἄνθριόπου”
1498 3315 1755 3393 (Bonitz,
1800 3317 1923 3374 ind.
1971 3315 2216 3375 Aristot.
2264 3335 2307 3374 e.
2353 3335 2412 3375 v.
2460 3305 2708 3389 Σωκρά-

653 3414 800 3491 της).
848 3413 1121 3493 ‘Platon'
1168 3418 1457 3492 exemplis
1503 3419 1808 3476 nominum
1839 3419 2212 3493 propriorum
2244 3416 2499 3476 adicitur
2528 3415 2706 3476 Dion.

652 3517 794 3577 Thr.
841 3517 1142 3578 codicibus
1187 3519 1308 3577 ΒΤ
1351 3540 1407 3596 p.
1437 3526 1534 3592 24,
1586 3525 1659 3592 53
1709 3520 1947 3581 scholiis
1991 3522 2063 3579 ad
2109 3521 2168 3579 h.
2216 3520 2254 3579 1.
2301 3520 2385 3596 (p.
2434 3522 2576 3591 845,
2629 3521 2703 3576 18

653 3626 715 3680 et
759 3622 882 3699 28),
930 3632 1201 3682 servatur
1245 3624 1581 3683 erotematis
1626 3621 1740 3701 (ΕΙ)
1789 3621 1903 3703 Εἴ)
1947 3626 2021 3682 ad
2052 3623 2230 3682 Dion.
2264 3622 2402 3681 Thr.
2445 3643 2501 3699 p.
2536 3627 2635 3694 33,
2669 3626 2705 3678 6

653 3724 1120 3801 pertinentibus,
1183 3726 1391 3787 Choer.
1442 3732 1551 3800 56,
1613 3733 1713 3787 20.
1781 3731 1932 3799 186,
1996 3731 2094 3785 21.
2159 3726 2346 3786 Prisc.
2391 3726 2459 3783 ΙΙ
2506 3728 2601 3796 59,
2657 3728 2708 3782 1.

795 3879 846 3937 1)
882 3878 1049 3925 Etiam
1096 3885 1323 3927 auctores
1358 3878 1402 3926 Ο
1439 3887 1488 3927 et
1526 3879 1572 3938 b,
1628 3894 1750 3939 quos
1787 3882 2022 3928 disertam
2058 3880 2200 3927 verbi
2236 3878 2538 3927 substantivi
2573 3891 2708 3924 men-

654 3963 836 4009 tionem
886 3969 1059 4024 postea
1093 3965 1319 4013 intulisse
1356 3979 1628 4014 consensus
1664 3967 1706 4013 L
1743 3980 1855 4014 cum
1894 3969 1937 4014 Δ
1975 3965 2187 4027 evincit,
2244 3966 2407 4014 simile
2442 3963 2560 4026 quid
2587 3975 2706 4010 ‘sen-

652 4047 776 4095 sisse
815 4048 1271 4099 animadvertimus.
