3234 4950
530 368 632 435 ΙΙΙ
1349 411 1429 422 ——
1521 368 1600 438 67
1691 407 1774 419 —-

526 546 626 606 vel
686 538 758 604 τοὶ
824 541 886 604 δὲ
953 542 1351 625 προειρημένα
1396 539 1748 621 καινόφωνα
1791 544 2072 605 δοκοῦσιν
2117 546 2218 625 (L)
2270 568 2348 608 sc.
2395 547 2580 606 nobis.

529 650 673 709 Cum
705 651 744 708 b
790 649 1173 726 posteriorem
1223 669 1342 709 non
1386 650 1803 723 intellexisset,
1850 651 1948 709 sed
1996 650 2171 726 plane
2202 651 2427 710 reicere
2457 651 2584 709 nol-

526 752 625 824 let,
670 752 885 812 iterum
930 751 1253 812 commixta
1297 759 1357 812 et
1400 772 1680 828 perversa
1725 752 1911 813 edidit
1955 747 2025 809 τοὶ
2071 747 2135 810 δὲ
2180 749 2578 830 προειρημένα

528 846 883 926 καινόφωνα
929 853 1227 914 δοκοῦντα
1275 847 1389 913 οὐκ
1434 841 1628 931 ἦλθον
1673 852 1756 925 εἰς
1800 857 2024 933 χρῆσιν.

699 977 756 1033 p.
805 964 905 1030 46,
953 964 1009 1018 5.
1099 959 1217 1031 fiet,
1264 958 1338 1018 cf.
1371 977 1522 1037 quae
1554 959 1754 1018 notavi
1798 959 1869 1017 ad
1901 979 1958 1034 p.
1994 962 2093 1032 36,
2134 954 2228 1038 112
2253 961 2328 1018 Α.

699 1079 757 1134 p.
808 1065 909 1134 46,
958 1065 1036 1120 20
1087 1065 1156 1119 Α.
1247 1061 1366 1134 fict,
1428 1062 1503 1121 cf.
1563 1080 1715 1141 quae
1762 1062 1965 1121 notavi
2013 1061 2086 1119 ad
2129 1081 2188 1137 p.
2237 1066 2334 1130 42,
2385 1067 2461 1119 22
2513 1065 2583 1122 Α.

699 1183 756 1239 p.
805 1168 903 1238 48,
952 1170 1009 1224 6.
1055 1165 1176 1237 fict,
1221 1164 1298 1226 cf.
1341 1183 1492 1243 quae
1538 1165 1739 1225 notavi
1788 1164 1857 1222 ad
1892 1185 1949 1240 p.
1986 1168 2084 1238 36,
2126 1159 2220 1244 ¹s2
2252 1166 2328 1227 A.

698 1287 755 1343 p.
807 1272 904 1340 49,
951 1272 985 1324 3
1033 1267 1099 1326 Β.
1189 1259 1590 1347 ιὖποτακτικοὶ
1637 1261 1847 1344 μόρια’
1893 1267 2041 1326 tales
2086 1286 2213 1327 esse
2242 1267 2578 1344 particulae,

529 1371 878 1450 quibuscum
923 1370 1285 1431 coniunctivi
1333 1372 1561 1431 conecti
1608 1371 1820 1444 solent,
1869 1377 1930 1428 et
1973 1374 2028 1430 A
2075 1370 2288 1431 collato
2334 1376 2580 1448 apparet

529 1478 589 1532 et
633 1472 868 1532 aliunde
915 1474 1210 1536 discimus,
1301 1474 1494 1550 Apoll.
1540 1474 1719 1551 Dysc.
1781 1473 1937 1531 enim
1999 1478 2250 1534 testatur
2309 1474 2380 1532 de
2427 1473 2577 1532 coni.

529 1573 627 1634 ἵνα
685 1575 784 1654 (de
844 1578 994 1636 coni.
1055 1598 1112 1655 p.
1164 1581 1303 1650 510,
1351 1582 1385 1633 9
1435 1576 1502 1636 Β.
1572 1581 1714 1650 243,
1766 1580 1836 1635 11
1888 1575 2123 1655 Schn.):
2187 1568 2581 1650 συνδεσμικόν

532 1675 636 1754 μὲν
699 1664 810 1737 οὖν
868 1671 1239 1755 καθεστηκός
1295 1672 1366 1737 τοὶ
1427 1672 1868 1756 συντασσόμενα
1912 1672 2149 1757 ῥήματα
2194 1678 2580 1754 μετατίθησιν

531 1778 614 1851 εἰς
657 1774 727 1839 τοὶ
771 1775 1106 1859 καλούμενα
1150 1774 1537 1855 ὖποτακτικᾶ,
1586 1777 1805 1842 καθότι
1851 1779 1954 1841 καὶ
2000 1773 2035 1841 ό
2066 1775 2229 1861 ,ἐάν
2262 1778 2581 1853 ἐπιζευκτι-

533 1880 640 1955 κός
697 1887 959 1965 itemque
1019 1886 1465 1946 coniunctiones
1526 1879 1754 1966 ‘gnuog'
1814 1884 1917 1944 καὶ
1978 1878 2197 1965 ‘iimcc’
2262 1887 2465 1945 eadem
2525 1885 2587 1945 vi

533 1994 710 2067 atque
764 1985 926 2068 “i'voe'
986 1990 1281 2065 praeditas
1344 1990 1608 2049 construi
1673 1989 2059 2068 sequentibus
2119 1989 2388 2066 exponit.
2476 1987 2587 2045 Sed

432 2128 435 2133 -
536 2110 730 2171 neque
778 2093 849 2151 de
895 2112 1140 2152 numero
1173 2094 1390 2154 diserte
1420 2093 1687 2174 loquitur
1717 2113 1910 2173 neque
1941 2112 2152 2153 nomen
2186 2144 2199 2171 ι
2218 2084 2588 2151 ὖποτακτικα

536 2188 738 2271 μόρια’
805 2194 882 2253 iis
930 2195 1161 2270 indidit,
1224 2197 1402 2255 immo
1464 2195 1788 2273 appellavit
1834 2186 2306 2274 ιἔπειζευκτικοῦςς
2349 2189 2589 2253 συνδέσ-

537 2295 712 2372 μους’
762 2296 859 2375 (de
904 2303 1118 2358 constr.
1165 2319 1224 2375 p.
1274 2299 1415 2372 272,
1465 2303 1521 2358 3.
1569 2299 1714 2371 275,
1761 2303 1861 2357 26.
1910 2303 2054 2371 306,
2087 2304 2145 2360 9.
2198 2302 2337 2357 329.
2375 2302 2472 2357 12.
2518 2298 2589 2354 de

535 2401 689 2459 coni.
739 2404 881 2476 510,
939 2401 1037 2480 12)
1063 2401 1142 2481 1).
1782 2383 1790 2391 ’

703 2506 851 2564 Post
894 2505 1278 2582 Apollonium
1338 2507 1665 2566 audiendus
1710 2513 1802 2567 est
1845 2511 2054 2565 auctor
2097 2510 2381 2566 tractatus
2429 2557 2459 2585 a
2481 2526 2587 2564 no·

529 2608 685 2667 mine
748 2608 1077 2668 Herodiani
1138 2607 1577 2668 commendati”
1640 2610 1905 2689 (Bekker
1950 2610 2177 2670 Anecd.
2223 2609 2329 2669 111
2380 2608 2584 2686 1086),

532 2711 634 2789 qui
696 2706 831 2788 περὶ
891 2701 1304 2770 ὖποτακτικῶν
1348 2710 1572 2788 μορίων
1630 2713 2009 2788 expositurus
2071 2712 2381 2793 quaerenti
2427 2703 2586 2771 πόσα

531 2806 710 2892 μόρια
754 2804 1198 2873 ὖποτάσσουσιν
1240 2815 1386 2873 haec
1430 2821 1765 2875 enumerat:
1822 2812 1946 2886 ἵνα,
1993 2807 2175 2893 ὄφρα,
2221 2807 2408 2886 ὅπως,
2456 2806 2580 2886 ἑόν,

530 2908 620 2990 ἄν,
666 2908 783 2991 μή·
832 2908 1116 2986 πολλάκις
1161 2911 1226 2975 δὲ
1269 2912 1371 2975 καὶ
1417 2908 1452 2975 ό
1499 2908 1740 2996 ‘vivisca’
1787 2914 1884 2975 καὶ
1916 2909 1955 2975 o‘
1986 2913 2177 2996 ,ἕωςζ
2210 2908 2387 2992 ἡνίκα
2418 2912 2582 2992 ἔχου-

530 3035 623 3078 σιν
667 3013 906 3098 ἐτέρους
948 3016 1316 3096 συνδέσμους
1361 3020 1554 3097 (velut
1594 3020 1670 3078 Il.
1718 3021 1778 3075 A
1824 3020 1958 3098 81),
2003 3040 2180 3096 porro
2225 3021 2410 3081 verba
2453 3039 2584 3078 cum

530 3113 665 3201 ιἄν’
712 3123 1038 3199 composita
1097 3114 1232 3193 κὸἱν,
1301 3114 1413 3180 οὐκ
1476 3112 1570 3193 ἄν,
1618 3113 1790 3193 ἐπάν,
1838 3115 2099 3193 ἐπειδάν,
2148 3115 2311 3195 ὅταν,
2359 3114 2585 3181 ὁπόταν

1163 3215 1461 3250 =====

529 3343 651 3388 σων
698 3320 807 3408 ,μὴ
853 3320 1095 3410 ἐλεήσῃς
1139 3318 1525 3387 ὖπεύθυνον’
1584 3328 1712 3389 sive
1769 3348 1900 3387 cum
1947 3322 2020 3386 οὗ
2078 3329 2383 3406 proposito
2444 3349 2582 3389 con-

527 3432 831 3492 iunctum:
893 3423 999 3511 ιοὐ
1068 3424 1151 3507 μὴ
1212 3427 1579 3513 ἐκτοπίσῃς’.
1670 3431 1954 3491 Doctrina
2019 3433 2091 3490 de
2150 3424 2232 3507 μή
2293 3432 2585 3510 particula

527 3555 658 3595 cum
704 3533 1082 3595 coniunctivo
1130 3553 1357 3594 conexa
1411 3538 1705 3613 quatenus
1750 3554 1883 3594 cum
1928 3539 2196 3595 veterum
2243 3534 2581 3611 grammati-

529 3657 729 3697 corum
759 3637 1073 3698 sententiis
1104 3642 1408 3714 congruat,
1440 3656 1561 3696 non
1592 3637 1802 3717 liquet,
1842 3658 1972 3697 cum
2006 3659 2079 3698 ne
2106 3638 2158 3697 is
2188 3638 2447 3718 quidem,
2479 3637 2581 3717 qui

526 3740 760 3816 planius
793 3741 865 3799 de
902 3739 1281 3801 coniunctivo
1318 3739 1458 3816 agit,
1487 3741 1689 3816 Apoll.
1708 3741 1885 3821 Dysc.
1924 3761 2032 3800 nos
2065 3741 2207 3800 satis
2238 3742 2481 3800 edoceat
2501 3740 2579 3818 ¹).

667 3897 717 3952 1)
751 3893 907 3941 Prisc.
943 3894 1020 3941 111
1056 3895 1140 3955 95,
1180 3896 1273 3942 15:
1322 3893 1640 3942 adiunctivae
1675 3901 1818 3952 sunt,
1869 3909 1994 3954 quae
2044 3894 2214 3942 verbis
2249 3892 2581 3942 subiunctivis

527 3978 880 4040 adiunguntur,
916 3984 1000 4027 ut:
1035 3980 1095 4040 si,
1132 3980 1264 4041 dum,
1302 3984 1563 4040 quatenus,
1601 3980 1798 4040 quando
1835 3976 1917 4030 ἵνα
1955 3978 2144 4027 Graece
2180 3978 2442 4039 significat.

666 4060 717 4131 2)
754 4064 817 4112 cf.
854 4065 1144 4127 Buttmann,
1180 4066 1349 4127 Apoll.
1385 4068 1536 4127 Dyse.
1573 4082 1625 4127 p.
1662 4068 1779 4126 266,
1821 4070 1878 4114 11
1919 4061 2044 4128 (Β.),
2082 4066 2195 4113 adn.
2229 4069 2271 4114 1.

2089 4148 2166 4212 5¹8
