3234 4950
1470 366 1554 376 ..-
1643 326 1724 395 68
1813 367 1895 376 -.
2599 327 2702 391 111

820 504 1136 565 Praeterea
1225 495 1629 563 ὑποτακτικοῦ
1710 502 2048 580 συνδέσμου
2123 505 2486 564 mentionem
2561 505 2704 564 facit

649 610 904 667 Thomas
948 609 1235 683 Magister
1280 630 1325 666 s.
1371 630 1428 669 v.
1477 605 1530 666 εἰ
1572 608 1686 686 (ed.
1722 609 1954 668 Bitschl
1992 630 2051 686 p.
2092 609 2271 687 132):
2319 606 2567 687 γίνωσκε
2601 602 2728 665 και

650 712 825 770 τοῦτο
873 704 965 769 ὅτι
1012 703 1296 769 οὐδέποτε
1342 703 1740 780 ὖποτακτικός
1784 704 2110 786 σύνδεσμος
2155 707 2414 786 μέλλοντι
2455 704 2702 768 συντάσ-

650 831 829 888 σεται,
877 805 1006 871 οἷον
1068 805 1176 892 ιὅὶν
1239 810 1452 884 ἔσται’,
1520 806 1624 893 ιῆν
1689 808 2023 891 γενήσεται’
2089 810 2191 872 καὶ
2258 807 2369 872 ὅσα
2435 815 2703 886 τοιαῦτα,

650 917 877 977 etiamsi
927 917 1216 975 Aristides
1248 909 1388 995 ικὸἱν
1405 915 1437 989 ⁷,
1485 916 1656 976 Plato
1691 909 1919 995 ιὸτανζ
1966 918 2342 995 Thucydides
2374 914 2537 995 ‘tva’
2569 937 2700 976 cum

649 1021 759 1082 fut.
821 1019 1200 1095 coniungant.
1310 1020 1518 1078 Elucet
1575 1019 1837 1078 'rhomae
1886 1023 1962 1076 M.
2029 1021 2212 1079 menti
2274 1021 2504 1079 easdem
2566 1040 2703 1078 con-

648 1122 983 1181 iunctiones
1029 1141 1174 1200 quas
1217 1122 1538 1197 Apollonio
1587 1128 1647 1181 et
1691 1125 2007 1200 Anonymo
2053 1124 2206 1199 apud
2253 1124 2444 1184 Bekk.
2492 1124 2703 1182 obver-

649 1232 805 1284 satas
850 1243 993 1297 esse,
1041 1225 1141 1283 sed
1189 1226 1259 1281 de
1306 1225 1745 1284 constructione
1790 1243 1986 1284 earum
2036 1225 2208 1284 aliter
2252 1225 2489 1284 iudicat.
2553 1226 2701 1282 Nam

651 1328 856 1387 Graeci
916 1328 1203 1386 sermonis
1266 1327 1426 1403 leges
1486 1328 1659 1386 nobis
1719 1331 1997 1404 probatas
2041 1329 2217 1387 etiam
2264 1328 2366 1386 ille
2412 1327 2699 1402 agnoseit,

650 1451 777 1490 cum
824 1450 882 1506 p.
938 1433 1074 1502 131,
1121 1435 1157 1488 6
1205 1422 1269 1489 vd
1319 1422 1509 1509 ιἔοι’ν’.,
1572 1424 1638 1490 τὸ
1686 1423 1850 1510 (ἄν’,
1915 1424 1979 1489 td
2027 1423 2222 1511 4n52v⁷,
2284 1423 2349 1488 τό
2397 1422 2553 1509 ιἦν’,
2600 1426 2698 1486 καὶ

651 1527 713 1590 τό
762 1525 956 1613 ‘dvctv’
1006 1553 1238 1610 semper
1282 1534 1677 1595 coniunctivis
1725 1535 1881 1610 apud
1929 1535 2204 1610 optimos,
2249 1539 2445 1592 tamen
2495 1531 2558 1608 (l.
2601 1532 2698 1608 15)

649 1630 714 1696 vd
764 1633 948 1715 ,Uvas
989 1632 1088 1694 καὶ
1156 1629 1223 1693 τό
1289 1630 1519 1715 ‘gnuog’
1586 1632 1690 1694 καὶ
1753 1630 1896 1711 μετὰ
1959 1628 2364 1695 ὑποτακτικοῦ
2411 1634 2513 1693 καὶ
2558 1629 2699 1709 μετοῖ

649 1730 924 1798 εὖκτικοῦ
984 1740 1211 1798 conecti
1271 1741 1604 1799 contendat.
1696 1740 1966 1800 Retinuit
2024 1740 2207 1814 igitur
2276 1758 2521 1812 nomen,
2576 1758 2697 1796 rem

652 1847 933 1901 mutatam
998 1843 1194 1903 habet.
1295 1844 1504 1922 Neque
1570 1843 1683 1902 hoc
1747 1843 2056 1915 miramur,
2122 1842 2223 1921 qui
2292 1841 2703 1917 obstupuimus

653 1945 978 2004 doctrinam
1026 1951 1200 2004 antea
1243 1951 1526 2007 notatam.
1595 1943 1782 2007 Quam
1829 1965 2069 2021 prorsus
2114 1964 2451 2021 perversam
2498 1944 2704 2002 existi-

652 2068 809 2107 mare
854 2068 974 2107 non
1022 2050 1438 2121 dubitaremuS,
1499 2049 1611 2107 nisi
1661 2053 2040 2108 excusaretur
2085 2048 2459 2126 aliquatenus
2503 2048 2700 2122 dispu-

648 2153 789 2212 tatis
834 2154 906 2211 ab
953 2153 1151 2228 Apoll.
1203 2154 1376 2230 Dysc.
1425 2154 1495 2210 de
1542 2158 1759 2213 constr.
1808 2156 1948 2222 268,
2005 2156 2311 2225 16—269,
2369 2156 2459 2209 10.
2549 2151 2698 2207 Nam

650 2275 728 2313 ex
771 2257 946 2314 huius
992 2256 1352 2331 grammatici
1402 2256 1672 2314 doctrina
1715 2255 1867 2314 sicut
1912 2254 2362 2314 coniunctiones
2412 2253 2701 2312 adiuncti-

648 2378 758 2418 vae
805 2357 1245 2418 coniunctivum
1305 2363 1534 2417 tantum
1595 2377 1792 2417 secum
1839 2359 2094 2431 habent,
2158 2356 2243 2415 ita
2288 2355 2703 2414 coniunctivus

649 2483 781 2522 eum
828 2454 1002 2541 ‘dciv’
1050 2461 1238 2521 simm.
1305 2457 1404 2520 ἐπὶ
1465 2456 1744 2536 μέλλοντα
1803 2457 2040 2540 φέρεται
2096 2452 2137 2535 ἢ
2181 2456 2500 2518 ἐνεστῶτα·
2571 2451 2708 2538 ιἐοὶν

652 2567 948 2643 φιλολογῶ
1006 2559 1475 2643 παραγενήσεται
1520 2563 1714 2623 Δίων’
1774 2565 1873 2624 vel
1919 2561 2048 2643 “ilva
2094 2558 2467 2640 φιλολογήσω
2515 2583 2702 2637 παρα-

651 2660 946 2747 γενήσεται
1005 2660 1295 2746 Τρύφων’
1342 2673 1444 2727 aut
1483 2665 1966 2746 ,napaylvstoec’3
2012 2667 2395 2743 praeteritum
2427 2667 2706 2725 accedere

651 2789 824 2848 posse
869 2775 1062 2847 negat,
1110 2772 1266 2850 quod
1313 2775 1437 2829 tum
1485 2772 1717 2829 demum
1765 2769 2158 2829 coniunctivis
2204 2790 2335 2828 cum
2368 2766 2523 2847 “i'va'
2570 2788 2706 2843 par-

651 2875 833 2934 ticula
900 2873 1142 2932 conexis
1206 2874 1423 2950 apponi
1488 2893 1661 2950 posse
1727 2874 1932 2947 docet,
1995 2872 2041 2931 si
2108 2869 2263 2951 “i'voc’
2325 2892 2504 2930 sensu
2569 2891 2708 2930 eon-

650 2976 973 3035 iunctionis
1018 2976 1267 3036 causalis
1312 2977 1676 3052 proferaturz
1727 2973 1851 3054 ‘ilva
1897 2968 2271 3053 φιλολογήσω
2318 2967 2704 3052 παρεγενήθη

664 3071 1063 3157 Τρύφωνἐ
1087 3075 1270 3159 ιδιότι
1315 3071 1712 3156 ἕφιλολόγησα
1758 3099 1816 3135 π.
1861 3077 1954 3137 T.’
2030 3079 2135 3137 Cui
2186 3078 2486 3137 doctrinae
2520 3098 2708 3157 quan-

654 3201 828 3259 quam
888 3183 1165 3259 permulti
1230 3183 1582 3259 scriptorum
1646 3182 1762 3241 loci
1807 3182 2211 3257 refragantur,
2271 3182 2467 3256 Apoll.
2529 3181 2707 3258 Dysc.

654 3284 802 3343 tales
846 3286 1183 3358 iuncturas,
1230 3305 1377 3365 quas
1422 3305 1529 3361 pro
1575 3285 1803 3344 illicitis
1847 3285 2066 3343 habere
2113 3284 2351 3357 debuit,
2410 3284 2709 3361 explicare

656 3397 716 3446 et
759 3406 891 3445 cum
938 3388 1213 3447 universa
1259 3407 1364 3446 sua
1396 3386 1694 3446 sententia
1723 3387 2037 3445 conciliare
2069 3406 2312 3463 prorsus
2343 3387 2610 3461 neglexit
2634 3386 2707 3464 ¹).

656 3492 875 3550 Noster
918 3491 1171 3566 scriptor
1214 3497 1545 3566 temporum
1591 3491 1655 3548 in
1702 3490 2008 3549 enuntiato
2050 3489 2330 3566 primario
2361 3490 2706 3549 varietatem

658 3592 897 3652 omnino
942 3613 1061 3652 non
1110 3612 1358 3666 curasse,
1404 3613 1610 3652 verum
1656 3593 1719 3650 in
1765 3613 1833 3652 eo
1867 3593 2235 3673 acquievisse
2265 3592 2517 3665 videtur,
2550 3592 2708 3671 quod

656 3702 793 3772 post
834 3695 1153 3772 particulas
1198 3696 1567 3756 adiunctivas
1612 3696 2051 3756 subiunctivum
2098 3715 2331 3772 semper
2370 3696 2707 3771 ponendum

799 3931 849 3994 1)
885 3949 916 3997 γ
953 3936 982 3981 2
1020 3935 1082 3982 de
1115 3935 1243 3981 coni.
1281 3934 1397 3991 510,
1437 3936 1516 3982 29.
1556 3934 1610 3980 Β.
1655 3937 1768 3993 243,
1818 3936 1880 3982 28
1932 3934 2079 3983 Schn.
2129 3939 2410 3995 suspectum
2460 3948 2569 3983 esse
2621 3949 2709 3981 suo

659 4018 764 4066 iure
800 4025 969 4068 censet
1003 4020 1168 4081 Uhlig.
