3234 4950
461 274 613 366 vn„
1248 312 1332 331 2»-
1421 272 1540 348 111
1633 318 1717 333 --

464 459 641 539 δεῦρο
690 451 1063 537 ἀνθρώποις,
1110 461 1257 518 haec
1295 462 1467 518 notat
1493 459 1577 536 (p.
1621 458 1802 537 192):
1847 456 1902 516 τί
1930 447 2259 534 μαθόντες]
2294 444 2517 533 ὥραῖον

461 555 526 620 to
561 563 773 638 σχῆμα,
820 547 868 643 ᾧ
912 558 1013 619 καὶ
1059 562 1255 642 πολλῷ
1297 553 1659 639 Ἑρμογένης
1704 557 1766 619 ἐν
1809 561 1891 642 τῷ
1934 556 2069 638 περὶ
2106 556 2279 616 ἰδεῶν
2309 555 2515 636 κέχρη-

465 687 580 737 ται,
641 666 917 744 idemque
967 667 1037 723 ad
1085 685 1142 741 p.
1196 668 1334 737 145,
1386 668 1459 722 15
1508 664 1589 742 (Ρ.
1642 664 1821 741 195):
1884 654 1966 732 aig
2023 661 2156 720 λίαν
2211 662 2385 720 τοῦτο
2450 653 2516 717 vd

466 766 682 846 χωρίον
727 760 925 826 καλόν.

632 869 869 929 Scholia
932 869 1117 946 igitur
1185 870 1301 928 iam
1377 871 1489 928 hac
1546 887 1611 927 re
1671 870 1957 928 Aretham
2038 871 2336 927 auctorem
2403 865 2516 925 sibi

465 974 788 1033 vindicant.
897 976 1101 1052 Atque
1176 972 1414 1046 gravius
1474 978 1888 1047 argumentum
1948 971 2263 1046 proferam.
2363 969 2518 1027 Miro

469 1077 626 1134 enim
689 1095 888 1134 errore
952 1077 1163 1135 ductus
1237 1081 1298 1134 et
1356 1074 1708 1133 Philostrati
1775 1082 1837 1133 et
1895 1072 2142 1132 Luciani
2206 1072 2526 1131 scholiasta

469 1179 789 1253 Menippos
834 1178 1117 1250 confudit,
1164 1197 1413 1256 quorum
1459 1176 1611 1235 alter
1654 1195 1689 1233 a
1733 1176 2095 1235 Philostrato
2145 1175 2297 1252 (vita
2326 1174 2523 1249 Apoll.

467 1281 557 1340 IV
606 1285 683 1338 25
732 1300 791 1355 p.
843 1280 951 1357 75)
1010 1280 1274 1359 aequalis
1320 1279 1623 1355 Apollonii
1672 1279 2003 1356 Tyanensis
2062 1278 2246 1336 fuisse
2291 1277 2523 1348 dicitur,

471 1384 638 1455 alter,
682 1400 858 1462 quem
902 1383 1203 1443 Lucianus
1248 1382 1310 1440 in
1340 1382 1798 1458 Icaromenippo
1844 1382 2065 1457 primas
2108 1386 2307 1456 partes
2349 1398 2527 1453 agen-

472 1494 590 1546 tem
622 1483 782 1558 facit,
815 1489 1007 1544 aetate
1038 1484 1366 1544 Ptolemaei
1397 1484 1772 1560 Philadelphi
1803 1485 1989 1544 vitam
2021 1484 2183 1558 degit
2212 1480 2370 1560 (cf.§
2398 1480 2531 1556 15):

475 1588 658 1647 schol.
694 1587 972 1647 Philostr.
1006 1607 1063 1663 p.
1097 1588 1195 1657 75,
1232 1591 1304 1645 11
1341 1586 1426 1664 (p.
1470 1586 1647 1665 187):
1682 1582 2039 1654 Μένιππος·
2075 1572 2150 1643 οὗ
2182 1575 2532 1650 Λουκιανός

475 1687 781 1765 μέμνηται.
878 1690 1058 1748 schol.
1124 1689 1367 1748 Lucian.
1428 1691 1757 1750 Icaromen.
1819 1689 1938 1748 vol.
1984 1689 2087 1747 III
2148 1708 2206 1764 p.
2256 1693 2333 1745 38
2385 1707 2444 1746 v.
2496 1689 2524 1743 1

475 1794 591 1867 (ed.
651 1792 921 1852 Jacobitz
964 1793 1054 1851 IV
1113 1812 1170 1868 p.
1219 1790 1403 1867 196):
1477 1783 1981 1868 Ἰκαρομένιππος
2043 1780 2077 1847 ὁ
2146 1787 2533 1867 προκείμενος

478 1890 900 1972 ἐπιγέγραπται
956 1887 1130 1971 λόγος
1193 1886 1292 1950 δια
1352 1888 1457 1966 μὲν
1515 1885 1579 1951 τὸ
1643 1884 1866 1967 πτηνὸν
1912 1885 2257 1969 εἰσάγεσθαι
2301 1884 2402 1949 τὸν
2447 1891 2528 1971 τῷ

482 1991 740 2075 δράματι
784 1988 1188 2072 ὑποκείμενον,
1243 1993 1326 2064 εἰς
1351 1988 1607 2073 Ἴκαρον
1654 1990 1757 2054 τὸν
1806 1987 2110 2053 Δαιδάλου
2154 1984 2535 2071 ὗποφερόμε-

479 2121 608 2171 νον,
656 2093 756 2158 διά
802 2096 867 2158 δὲ
915 2093 981 2159 τὸ
1028 2092 1519 2178 μεγαλόπραγμον
1570 2095 1674 2156 καὶ
1720 2097 2025 2176 περίεργον
2068 2093 2171 2155 καὶ
2215 2097 2536 2171 φασματῶ-

480 2201 577 2271 δες
621 2200 704 2272 εἰς
748 2199 1079 2261 Μένιππον
1123 2195 1227 2259 τὸν
1276 2194 1543 2258 Κυνικόν
1588 2194 1921 2272 φιλόσοφον
1972 2190 2396 2276 ἁρμοζόμενον,
2465 2191 2535 2266 ὃς

499 2300 794 2381 Πατάρων
838 2297 1123 2382 ὑπάρχων
1166 2305 1271 2380 τῆς
1302 2303 1537 2372 Λυκίας
1582 2300 1681 2361 καὶ
1727 2296 1834 2378 τὴν
1876 2294 2309 2369 Ἀντισθένους
2355 2294 2534 2370 δόξαν

490 2399 976 2483 ὖποποιούμενος
1034 2410 1303 2487 γενναῖος
1362 2393 1439 2482 ἦν
1499 2402 1600 2464 καὶ
1664 2401 2206 2485 συγκεκροτημένος
2250 2396 2316 2462 τὸ
2366 2405 2537 2479 σῶμα

489 2509 588 2569 καὶ
635 2505 749 2570 οὐκ
781 2503 1072 2587 άδόκιμος
1117 2504 1260 2568 οὐδὲ
1303 2503 1413 2586 την
1458 2503 1607 2584 ὄψιν
1653 2504 1766 2569 ὅσα
1810 2501 1963 2587 πρὸς
2011 2502 2175 2583 ἆῖραν
2222 2500 2408 2586 (ὥρας
2437 2508 2540 2567 So-

489 2614 687 2690 lanus)
731 2607 1131 2692 εύπρόσωπον
1190 2606 1557 2693 ὖποφέρεται
1615 2610 1715 2674 καὶ
1777 2606 1972 2681 οὕτως
2023 2605 2192 2683 ὥστε,
2257 2608 2311 2669 εἰ
2350 2609 2544 2679 πίστις

492 2708 697 2774 ὕπεστι
751 2710 1131 2796 Φιλοστράτῳ
1157 2717 1211 2792 1)
1258 2716 1340 2797 τῷ
1395 2714 1591 2797 Τυρίῳ
1639 2709 1744 2773 τὸν
1774 2712 2192 2773 Ἀπολλωνίου
2239 2714 2347 2771 τοῦ
2388 2714 2542 2770 Τυα-

494 2813 642 2886 νέως
687 2811 1094 2897 ἀναγράφοντι
1140 2817 1294 2895 βίον,
1341 2815 1442 2877 καὶ
1487 2810 1608 2876 ὖπὸ
1646 2811 1997 2892 Ἐμπούσης
2027 2814 2363 2895 ἐρασθῆναι
2391 2807 2542 2873 κατά

500 2912 812 2999 Κόρινθον
869 2922 976 2997 τῆς
1043 2914 1506 2996 Πελοποννήσου
1568 2920 1682 2999 (IV
1729 2925 1806 2978 25
1869 2940 1929 2995 p.
1978 2923 2055 2977 75
2117 2918 2374 2995 Kayser)
2440 2913 2538 2974 καὶ

497 3014 617 3080 άπδ
681 3017 913 3098 τούτου,
980 3020 1108 3081 ἐπεὶ
1173 3019 1510 3102 περιέτυχεν
1564 3014 1947 3103 Ἀπολλωνίῳ
1993 3022 2075 3101 τῷ
2134 3015 2546 3100 προειρημένῳ

497 3118 666 3205 γόητι
722 3120 1058 3209 ἀνθρώπῳ,
1123 3119 1348 3202 ὅμοιος,
1413 3124 1618 3198 φασίν,
1682 3116 1871 3206 ὁμοίω
1931 3116 2243 3199 συνήφθη.
2333 3117 2435 3181 καὶ
2480 3114 2547 3179 td

497 3230 604 3286 τοῦ
660 3227 799 3305 βίου
860 3223 1073 3290 λοιπδν
1128 3221 1644 3297 δυσαποσπάστως
1689 3223 1893 3303 ἔσχηκε
1935 3220 2171 3297 τούτου,
2235 3222 2552 3303 τερατείαις

503 3350 564 3388 τε
610 3334 1017 3412 συνευκαιρῶν
1059 3329 1160 3391 καὶ
1205 3329 1289 3402 εἰς
1319 3326 1501 3408 μηδὲν
1529 3322 1691 3409 ’ὖγιὲς
1721 3327 1990 3399 διανοίας
2020 3322 2123 3405 τὴν
2154 3321 2362 3405 σχολὴν
2402 3319 2550 3386 άπο-

396 3452 399 3455 “
500 3431 839 3512 διατρίβων.
930 3431 1026 3495 διδ
1093 3431 1193 3493 καὶ
1261 3425 1297 3493 ὅ
1359 3428 1571 3509 παρών
1615 3425 1963 3501 Λουκιανὸς
2024 3432 2549 3508 φασματολογῆσαι

485 3539 675 3596 τοῦτο
736 3531 814 3613 δὴ
871 3533 937 3597 τό
1001 3533 1261 3614 σύνηθες
1319 3531 1484 3617 αὐτῷ
1545 3532 1963 3619 προῃρημένος
2006 3531 2109 3593 καὶ
2154 3526 2552 3611 ὖπερνεφέλια

500 3635 967 3714 τερατεύσασθαι
1024 3633 1365 3718 συζεύγνυσι
1440 3633 1634 3720 τούτῳ
1695 3631 1800 3696 τόν
1842 3628 2129 3715 Ἴκαρον,
2197 3635 2355 3695 λίνον
2412 3634 2552 3717 λίνῳ

643 3877 692 3940 1)
727 3882 1060 3930 Philostratus
1110 3880 1288 3928 citatur
1340 3878 1488 3927 etiam
1538 3878 1696 3926 schol.
1744 3877 1950 3924 Lucian.
2004 3877 2052 3922 11
2102 3891 2150 3937 p.
2191 3876 2306 3933 233,
2356 3876 2421 3921 24
2471 3873 2555 3935 (cf.

504 3983 656 4030 supra
691 3984 739 4029 p.
782 3965 918 4034 102),
955 3967 1106 4014 schol.
1146 3966 1354 4013 Lucian.
1390 3965 1441 4011 11
1475 3979 1524 4024 Ρ.
1564 3964 1679 4025 212,
1721 3963 1799 4010 10.
1843 3989 1846 3992 -
