3234 4950
1426 349 1504 363 --
1597 311 1726 383 110
1812 352 1892 366 -
2062 284 2066 289 ’
2568 320 2688 383 vn

632 484 907 548 laudibus
952 490 1143 566 effert,
1189 492 1356 551 cuius
1400 493 1756 553 sententiam
1803 496 2034 571 probat,
2094 494 2375 573 locosque
2442 495 2554 553 sibi
2601 514 2692 553 ar-

635 591 897 652 ridentes
943 599 1129 654 notat.
1990 671 2000 679 ,

805 695 865 772 a)
909 715 968 772 p.
1022 701 1160 770 120,
1208 702 1323 757 26ε
1369 692 1756 775 Thespesion,
1802 706 2115 778 postquam
2137 700 2553 776 Apollonium,
2590 701 2690 780 qui

638 802 1046 877 Aegyptorum
1092 819 1256 859 sacra
1300 801 1506 873 illusit,
1553 803 1844 861 refutasse
1890 803 2003 861 sibi
2051 803 2302 876 videtur,
2349 803 2422 861 de
2464 802 2694 862 iustitia

635 902 1040 977 disputaturus
1085 908 1192 965 est.
1285 904 1471 966 schol.
1525 905 1609 981 (p.
1668 906 1849 980 193):
1911 898 2024 983 ὅρα
2083 897 2188 963 τόν
2244 903 2497 978 μα’ταιον
2558 925 2692 962 του-

632 1000 758 1061 τονὶ
811 998 1234 1083 Φιλόστρατον,
1285 998 1368 1074 aig
1425 1007 1560 1084 (pro
1607 998 1700 1075 οἷς
1745 1006 1981 1085 scripsi)
2041 999 2159 1089 ὅρᾷ
2210 1001 2313 1066 τὸν
2356 1001 2693 1083 κατάρατον

631 1099 1028 1166 Ἀπολλώνιον
1083 1101 1150 1166 τό
1196 1094 1377 1184 ἦττον
1422 1101 1902 1186 οἷποφερόμενον,
1949 1111 2078 1179 πώς
2124 1102 2340 1187 οἷπᾶγει
2385 1111 2491 1185 τῆς
2537 1101 2688 1167 ὕπο-

633 1206 861 1278 θέσεως
903 1205 1008 1268 τόν
1052 1205 1231 1288 λόγον
1276 1205 1376 1283 ἐφ’
1430 1206 1640 1289 ἑτέραν
1681 1208 2017 1286 μετατιθεὶς
2061 1209 2316 1288 ζήτησιν.

804 1334 861 1389 p.
903 1318 1036 1387 148,
1077 1318 1184 1373 19:
1232 1315 1629 1374 Philostratus
1675 1315 2057 1391 Apollonium
2106 1317 2407 1390 captivum
2453 1315 2693 1375 vincula

634 1416 899 1489 solvisse,
963 1417 1157 1475 soluta
1217 1418 1430 1476 deinde
1487 1417 1839 1477 conexuisse
1891 1419 2207 1478 enarravit.
2296 1419 2388 1477 Ne
2435 1418 2691 1494 speciem

632 1519 891 1577 hominis
935 1537 1090 1579 vana
1133 1520 1436 1599 loquentis
1480 1523 1780 1596 praebeat,
1826 1522 1974 1579 haec
2016 1522 2215 1580 addit:
2263 1518 2325 1577 οἱ
2366 1515 2430 1578 δὲ
2474 1513 2690 1594 εὐηθέ-

636 1636 827 1698 στεροι
888 1621 1008 1678 τῶν
1067 1615 1416 1699 ἀνθρώπων
1481 1618 1541 1690 ἐς
1599 1615 1741 1690 τούς
1798 1617 2017 1700 γόητας
2070 1614 2441 1700 ἀναφέρουσι
2483 1624 2685 1680 ταῦτα.

634 1722 819 1782 schol.
865 1723 948 1800 (p.
988 1723 1164 1800 195):
1225 1720 1288 1781 οἱ
1326 1718 1707 1802 συνετώτεροι
1754 1725 1871 1781 τῶν
1914 1717 2288 1802 ἀνθρώπων,
2354 1712 2403 1782 αἶ
2446 1721 2689 1802 καταγέ-

632 1827 819 1894 λαστε,
865 1823 1132 1904 γοητείας
1177 1816 1325 1882 εἶναι
1370 1827 1553 1883 ταῦτα
1582 1821 1866 1903 λέγουσιν,
1912 1820 2023 1901 οὐχ
2069 1823 2133 1883 οἷ
2158 1818 2561 1904 εὐηθέστεροι,
2607 1817 2689 1895 ώς

635 1921 819 1997 αὐτός
861 1929 1062 2006 ληρῶν
1106 1924 1274 2003 ἔφης.

805 2051 862 2106 p.
917 2035 1054 2104 149,
1102 2037 1172 2091 6:
1219 2032 1362 2090 Cum
1409 2033 1588 2091 homo
1636 2033 1874 2111 quidam
1916 2032 2239 2108 Apollonio
2285 2033 2688 2092 renuntiasset

632 2154 832 2209 regem
877 2134 1226 2207 decrevisse,
1285 2139 1354 2193 ut
1415 2154 1447 2192 e
1511 2154 1744 2194 carcere
1805 2135 2052 2193 emissus
2109 2134 2332 2193 liberae
2387 2135 2687 2194 custodiae

636 2237 1120 2309 committeretur,
1179 2238 1279 2296 hic
1326 2238 1654 2317 quaesivit:
1721 2236 1809 2305 τίς
1867 2222 1977 2295 οὗν
2023 2227 2059 2296 ὅ
2108 2229 2568 2312 μετασκευάσων
2618 2257 2689 2312 με

634 2336 910 2409 ἔνθὲνδες
969 2339 1154 2399 schol.
1201 2339 1284 2417 (p.
1336 2339 1516 2417 195):
1562 2330 1598 2397 ό
1641 2333 1835 2397 πάντα
1880 2332 2224 2417 γιγνώσκειν
2271 2334 2688 2418 ἐπαγγελλόμε-

629 2463 752 2512 νος,
800 2434 929 2520 ὅρα,
962 2444 1092 2511 πῶς
1137 2443 1244 2500 νῦν
1274 2434 1482 2522 ἆγνοεῖ
1507 2436 1611 2501 το“ν
1642 2435 2153 2518 μετασκευάσοντα
2184 2434 2382 2501 αὐτόν.
2454 2434 2576 2501 εἶτα
2608 2437 2683 2502 οὗ

632 2548 920 2623 τερατεῖαι
962 2539 1036 2605 τοὶ
1079 2547 1184 2620 τῆς
1230 2539 1515 2618 ἀλαζόνος
1560 2543 1907 2623 ἐπαγγελίας
1952 2542 2018 2603 ἐκ
2062 2539 2290 2603 τούτων
2323 2542 2686 2623 ἔλέγχονται;

694 2713 709 2726 ·
803 2648 1029 2706 Similia
1075 2648 1262 2707 multa
1303 2649 1604 2708 invenies:
1651 2650 1722 2707 ad
1774 2654 1915 2721 146,
1947 2654 1982 2705 4
2030 2648 2113 2726 (p.
2151 2648 2334 2725 195):
2382 2641 2533 2726 ἀρχὴ
2564 2649 2684 2706 τῶν

629 2743 822 2828 λόγων
864 2742 1271 2808 Ἀπολλωνίου
1318 2749 1567 2823 ψεῦδος.
1660 2752 1732 2809 ad
1782 2750 1922 2824 147,
1970 2755 2049 2808 29
2099 2750 2306 2829 (195):
2353 2743 2688 2823 ἀλαζονείας

636 2846 671 2912 ό
715 2847 890 2931 λόγος
949 2849 1048 2911 καὶ
1107 2852 1481 2931 μελαγχολίας
1527 2848 1754 2930 μεστός.
1848 2855 1921 2912 ad
1971 2857 2111 2931 148,
2166 2859 2237 2912 16
2282 2853 2493 2931 (195):
2539 2846 2688 2929 ἀρχή

632 2959 751 3015 τῶν
797 2957 1079 3035 γοητειῶν
1114 2950 1540 3015 Ἀπολλωνίου.
1629 2959 1701 3015 ad
1740 2957 1879 3030 167,
1913 2961 1992 3016 33
2027 2956 2239 3035 (197)=
2283 2958 2459 3015 τοῦτο
2496 2953 2685 3015 ἐκεῖνο

631 3057 732 3117 καὶ
780 3060 891 3116 νῦν
935 3050 1102 3130 ὅὶξιον
1147 3055 1246 3117 ἐπὶ
1291 3060 1400 3116 σοῦ
1447 3056 1571 3134 ἐρεῖ
1609 3056 1789 3136 (ἐρεῖν
1806 3058 1880 3136 ἓ),
1937 3050 2311 3131 Ἀπολλώνιε,
2362 3049 2443 3128 ώς
2488 3054 2552 3116 ἐν
2596 3079 2687 3132 μι-
2794 3076 2798 3080 ·

631 3164 800 3241 κροῖς
831 3155 937 3235 μὲν
966 3157 1116 3219 λέων
1147 3155 1241 3232 σύ,
1275 3157 1336 3218 ἐν
1366 3156 1430 3218 δὲ
1461 3164 1584 3230 τοῖς
1603 3161 1890 3238 κρατοῦσι
1909 3162 2239 3220 Μελιταῖον
2261 3158 2546 3219 κυνίδιον.
2574 3166 2686 3219 etc.

803 3267 868 3343 b)
914 3265 1130 3323 Contra
1173 3265 1376 3323 laudat
1418 3264 1878 3340 Thespesionem
1936 3265 2007 3321 ad
2055 3284 2113 3340 p.
2166 3267 2303 3335 119,
2350 3269 2428 3322 26
2480 3260 2685 3341 (192):

632 3362 783 3427 καλά
830 3384 925 3425 σοι
969 3361 1174 3434 πολλά,
1227 3362 1636 3448 Θεσπ<εσ>ίων,
1686 3359 1845 3425 οὕτω
1887 3369 2098 3440 σαφῶς
2130 3362 2422 3445 ἐλέγξαντι
2452 3359 2555 3421 τόν
2587 3362 2688 3421 δο-

633 3470 856 3546 ξομανῆ
900 3466 1002 3528 καὶ
1049 3463 1385 3539 δοξοκόπον
1426 3463 1841 3542 Ἀπολλώνιον,
1903 3475 1964 3530 et
2022 3471 2238 3546 gaudet
2296 3470 2502 3527 eodem
2556 3467 2686 3526 viro

637 3574 995 3633 Graecorum
1057 3592 1221 3630 sacra
1279 3573 1565 3632 irridente
1627 3574 1699 3631 ad
1743 3593 1801 3648 p.
1855 3578 1992 3646 120,
2043 3577 2120 3630 22
2188 3572 2270 3649 (p.
2325 3569 2500 3647 192):
2573 3563 2687 3627 οὐκ

634 3672 898 3755 ἀγεννῶς
943 3668 1015 3732 τὰ
1058 3677 1179 3733 τῶν
1221 3667 1515 3751 Ἑλλήνων
1560 3669 1912 3750 νομιζόμενα
1944 3666 2237 3751 μυστήρια
2266 3669 2367 3731 καὶ
2401 3667 2686 3754 θαυ<μα>-

637 3773 745 3839 στα
792 3778 1013 3856 (suppl.
1061 3779 1279 3852 Maass)
1326 3775 1752 3859 διακωμῳδεῖς,
1817 3771 2120 3855 ἄνθρωπε.
2168 3810 2251 3820 -
2294 3776 2570 3855 Denique
2616 3775 2689 3832 ad

636 3885 820 3943 verba
864 3882 1188 3958 Apollonii,
1235 3881 1337 3961 qui
1383 3881 1629 3940 comites
1674 3881 1908 3957 rogavit
1951 3880 2035 3958 (p.
2084 3883 2226 3953 118,
2275 3879 2414 3954 20):
2478 3876 2533 3935 τί
2578 3898 2687 3952 μα-

637 3979 852 4053 θόντες
913 3976 1107 4042 ι’ίτοπα
1167 3981 1264 4041 καὶ
1331 3985 1529 4062 γελοῖα
1586 3983 1753 4040 θεῶν
1827 3980 1954 4058 εἴδη
2037 3976 2497 4061 παραδεδώκατε
2565 3982 2689 4049 τοῖς
2763 4025 2768 4026 ff
