3234 4950
1481 378 1861 441 —4—
2627 382 2693 453 11

634 551 1042 630 Cymaeorum,
1093 554 1257 634 quod
1289 573 1407 613 rec.
1443 557 1493 610 A
1527 552 1768 611 omnino
1802 552 2090 626 neglexit.
2166 552 2476 618 Quomodo
2513 552 2705 628 igitur

636 655 797 713 hanc
844 655 1238 714 differentiam
1291 653 1765 732 explicabimus?
1855 654 2028 714 Viam
2077 654 2343 715 ostendit
2387 656 2453 714 E.
2489 656 2702 726 Maass,

637 757 740 836 qui
789 763 964 834 putat
995 762 1297 817 auctorem
1329 756 1698 817 recensionis
1732 758 1778 813 B
1825 757 2018 816 locum
2051 757 2137 817 sic
2168 764 2514 834 corruptum
2562 763 2702 817 ante

634 861 838 919 oculos
884 861 1185 930 habuisse,
1249 866 1317 919 ut
1359 860 1422 918 in
1471 859 1673 938 priore
1718 859 2070 919 recensione
2130 880 2291 920 nunc
2334 860 2578 936 legitur,
2642 866 2704 919 et

634 963 877 1023 nomine
926 957 1236 1038 Θηβαϊκόν
1282 968 1522 1022 servato
1570 962 1835 1035 eiecisse,
1882 981 2035 1042 quae
2084 963 2389 1039 superflua
2433 963 2490 1022 ei
2534 963 2701 1023 vide-

634 1072 864 1139 rentur,
911 1067 1040 1127 sive
1087 1087 1295 1143 parum
1342 1065 1868 1139 intellegerentur.
1956 1065 2129 1123 Unde
2176 1066 2579 1139 colligendum
2627 1086 2702 1124 ex

637 1169 845 1227 eodem
878 1169 1207 1246 exemplari
1241 1173 1522 1243 corrupto
1556 1175 1873 1247 utramque
1904 1167 2316 1226 recensionem
2352 1168 2602 1228 fluxisse
2623 1168 2699 1245 1).

807 1272 1150 1330 Transimus
1183 1272 1257 1330 ad
1304 1271 1482 1330 aliam
1529 1270 1948 1333 recensionum
1980 1274 2036 1328 A
2068 1276 2130 1328 et
2170 1271 2215 1328 B
2260 1271 2699 1344 differentiam3

636 1393 789 1453 quae
836 1379 1066 1452 spectat
1109 1375 1185 1432 ad
1230 1375 1555 1448 figurarum
1622 1372 1913 1433 ordinem.
2013 1374 2287 1432 Eundem
2342 1374 2699 1453 plerumque

639 1485 874 1536 secutus
919 1496 1097 1556 quem
1131 1481 1202 1549 A,
1248 1476 1446 1535 noluit
1493 1477 1536 1532 B
1583 1474 1818 1552 copiam
1861 1475 2199 1534 Atticarum
2245 1476 2568 1550 figurarum
2613 1478 2701 1536 ita

636 1581 963 1655 dispersam
1004 1581 1277 1657 proferre
1307 1585 1378 1638 ut
1399 1583 1476 1652 A,
1509 1580 1614 1637 sed
1650 1579 1890 1652 collegit
1918 1585 1979 1637 et
2015 1578 2243 1656 primae
2276 1579 2503 1653 figurae
2534 1580 2697 1638 Atti—

638 1703 738 1742 cae
787 1683 1166 1742 continuavit
1196 1703 1399 1742 omnes
1431 1687 1671 1761 praeter
1701 1702 1899 1753 unam,
1948 1702 2129 1760 quam
2162 1683 2292 1741 loco
2323 1702 2565 1742 movere
2597 1686 2701 1742 ob-

634 1785 782 1844 litus
814 1791 907 1844 est
951 1785 1032 1863 (p.
1068 1791 1165 1858 48,
1203 1789 1286 1860 9).
1377 1787 1509 1845 Hoc
1554 1786 1733 1844 modo
1781 1783 1962 1843 etiam
2007 1785 2231 1844 factum
2279 1792 2389 1858 est,
2433 1791 2504 1844 ut
2547 1786 2699 1860 figu-

634 1908 761 1946 ram
825 1891 898 1947 ab
945 1894 998 1946 A
1053 1881 1189 1946 ἶὶλλο
1249 1890 1486 1955 πολλοῖς
1545 1884 1851 1964 εἰρημένον
1908 1886 2279 1946 nominatam
2342 1888 2421 1965 (p.
2460 1893 2557 1960 51,
2593 1891 2698 1967 29)

629 1992 859 2049 deleret
905 1998 964 2049 et
1012 2010 1165 2070 quae
1209 1992 1284 2050 de
1314 1990 1539 2050 Atticis
1582 1996 1765 2069 atque
1798 1989 2057 2049 Doribus
2102 1989 2167 2048 in
2214 1993 2541 2068 archetypo
2589 1994 2698 2049 sub

576 2162 587 2167 Α
627 2095 743 2152 hoc
788 2093 971 2152 titulo
1017 2095 1180 2153 dicta
1225 2099 1414 2165 erant,
1457 2094 1523 2153 in
1571 2095 1691 2153 fine
1738 2095 2129 2153 collectarum
2173 2094 2499 2168 figurarum
2534 2094 2696 2152 Atti-

631 2217 831 2256 carum
896 2197 1177 2257 adiceret.
1284 2198 1503 2277 Itaque
1566 2217 1699 2256 cum
1761 2198 1808 2255 B
1868 2198 2082 2256 seriem
2149 2196 2470 2270 genuinam
2534 2201 2696 2257 certo

636 2299 884 2358 consilio
929 2299 1279 2360 immutasse
1326 2300 1708 2378 perspicuum
1755 2299 1859 2372 sit,
1926 2300 1992 2357 in
2053 2300 2281 2359 edendo
2332 2303 2697 2360 Lesbonacte

637 2402 908 2460 ordinem
955 2402 1324 2462 recensionis
1357 2409 1406 2461 A
1441 2403 1826 2462 retinendum
1874 2402 2085 2481 putavi
2113 2400 2191 2480 ²).
2277 2403 2413 2462 Una
2457 2404 2698 2483 quidem

635 2505 827 2579 figura
873 2506 1080 2565 Attica
1124 2505 1491 2566 recensionis
1535 2507 1583 2563 B
1629 2527 1749 2564 non
1794 2506 2004 2578 habet,
2071 2510 2167 2566 cui
2217 2508 2589 2585 respondeat.
2633 2507 2698 2565 in

639 2613 990 2669 recensione
1024 2614 1110 2668 A:
1158 2606 1260 2667 καὶ
1291 2602 1356 2667 τό
1388 2602 1681 2686 ,yvo'vtmv'
1714 2605 1814 2665 καὶ
1847 2602 2166 2689 ιβοοὶντωθ
2197 2606 2295 2667 καὶ
2332 2604 2699 2690 (ποιούντων

636 2704 771 2767 ἀντὶ
831 2712 940 2769 τοῦ
1002 2704 1323 2788 γνώτωσαν
1367 2708 1468 2768 καὶ
1514 2705 1827 2785 βοοὶτωσαν
1872 2706 1973 2768 καὶ
2019 2712 2371 2769 ποιείτωσαν
2415 2712 2696 2770 τίθενται.

637 2814 753 2873 Sed
796 2816 946 2873 haec
991 2833 1026 2872 a
1073 2813 1288 2874 ceteris
1335 2815 1513 2889 plane
1561 2812 1862 2885 dissentit,
1918 2832 2051 2872 cum
2096 2814 2169 2871 ad
2213 2816 2463 2873 formam
2510 2816 2698 2887 verbi,

635 2916 774 2974 illae
807 2918 880 2975 ad
912 2916 1421 2977 constructionem
1466 2916 1829 2993 pertineant,
1878 2921 1939 2975 et
1984 2916 2211 2975 sufficit
2244 2917 2397 2977 illud
2443 2919 2698 2990 schema,

637 3020 799 3099 quod
841 3026 1048 3097 aperte
1104 3017 1533 3095 interpolatum
1597 3026 1716 3090 est,
1781 3020 1965 3078 verbo
2025 3018 2128 3078 hic
2188 3038 2700 3080 commemorasse.

778 3210 827 3267 1)
879 3207 1103 3253 Reticere
1154 3207 1271 3253 nolo
1322 3205 1525 3253 Maassii
1575 3207 1846 3253 sententiae
1892 3206 2062 3253 favere
2110 3207 2351 3255 scholium
2402 3207 2464 3253 ab
2513 3207 2701 3254 Aretha

639 3291 888 3351 episcopo,
941 3298 992 3337 ut
1027 3291 1269 3352 suspicor,
1316 3292 1616 3350 adscriptum
1663 3292 1725 3337 ad
1764 3291 2052 3337 Philostrati
2088 3291 2242 3338 verba
2277 3293 2506 3353 Aponon.
2543 3293 2696 3353 Tyan.

636 3392 685 3436 p.
726 3379 841 3435 130,
879 3379 907 3423 9
959 3378 1034 3424 ed.
1074 3377 1284 3438 Kayser,
1336 3377 1503 3423 Turiei
1542 3380 1701 3425 18442
1753 3369 1868 3439 ἥλω
1919 3373 2007 3426 καὶ
2057 3374 2397 3442 στρεβλωθεὶς
2445 3372 2565 3433 τοὺς
2611 3373 2700 3440 μὲν

639 3459 817 3510 ἑαυτοῦ
859 3457 1169 3524 ξυνωμότας,
1204 3455 1591 3524 ἀπεσιώπησενε
1658 3458 1837 3511 ἑαυτοῦ
1889 3457 2203 3526 ξυνωμότας]
2253 3460 2330 3526 τῷ
2373 3461 2696 3527 πληὲῐυντικῷ

638 3540 804 3595 ἑνικὸν
851 3541 1103 3609 ἐπήνεγκε
1139 3544 1300 3610 ῥῆμα.
1380 3546 1527 3596 τοῦτο
1563 3544 1622 3597 δὲ
1658 3542 1923 3612 Θηβαῖκόν
1959 3562 2088 3612 φασι
2124 3544 2213 3596 καὶ
2248 3542 2571 3609 Πινδαρικόν,
2621 3538 2701 3597 ’ὅτι

640 3629 866 3697 συνεχῶς
902 3623 1044 3695 αὐτῷ
1090 3631 1279 3695 χρῆται
1329 3628 1585 3694 Πίνδαρος
1628 3631 1952 3698 πληξῐυντικῷ
1990 3627 2128 3683 ἑνικά
2180 3628 2428 3695 ἐπιφέρων
2477 3629 2698 3695 ῥήματα,

638 3712 737 3766 οἷον
773 3712 1189 3781 (Λακεδαιμόνιοι
1216 3716 1431 3779 πολεμεῖ
1449 3708 1754 3779 Ἀἓῐηναίοιέ
1787 3710 1900 3767 ἀντὶ
1934 3716 2022 3768 τοῦ
2057 3713 2347 3780 πολεμοῦσι.
2420 3708 2700 3780 καὶ““Ὀμη-

639 3817 720 3864 ρος
768 3798 1020 3867 ι,διοίγετο
1071 3797 1130 3852 δὲ
1181 3796 1399 3865 σάρκες”
1437 3794 1548 3850 οἷντὶ
1596 3800 1685 3851 τοῦ
1735 3801 1992 3868 διοίγοντο.
2078 3804 2401 3867 (Mentionem
2449 3803 2698 3848 Pindarici

637 3887 904 3934 schematis
943 3887 1005 3934 ab
1042 3888 1089 3934 h.
1114 3890 1146 3935 1.
1174 3888 1387 3934 alienam
1424 3902 1531 3934 esse
1567 3894 1699 3935 recte
1740 3887 2027 3936 observavit
2052 3889 2285 3949 Kayser.)
2343 3904 2391 3937 V.
2435 3887 2565 3933 infra
2591 3888 2696 3934 VII.

778 3973 828 4034 2)
865 3974 939 4019 Ne
977 3975 1142 4030 lateat,
1194 3988 1316 4032 quas
1350 3974 1534 4032 figuras
1572 3988 1602 4020 a
1639 3976 1763 4032 loco,
1811 3989 1955 4033 quem
1991 3975 2031 4019 B
2083 3974 2153 4019 eis
2200 3973 2389 4033 tribuit,
2441 3974 2699 4033 moverim,

639 4057 847 4118 apposui
882 4058 1026 4117 signa
1061 4060 1205 4142 ξῖξ.
