3234 4950
483 344 550 412 12
1301 340 1731 404 —29—

979 518 999 558 t
1678 528 1709 572 P

519 602 572 657 4)
609 615 656 661 p.
686 600 764 655 34,
797 601 858 645 14
896 599 1090 649 δανοῖσι
1542 598 1773 648 δαναοῖσι

522 684 573 744 5)
609 700 656 745 p.
688 687 769 740 35,
798 688 859 732 13
896 700 944 734 τι
1540 697 1616 732 τοι

523 768 573 833 6)
610 787 658 831 p.
688 772 769 827 36,
799 771 825 815 6
899 767 1018 830 πυρὶ
1054 767 1317 834 φλεγέθων
1545 766 1944 832 Πυριφλεγέζῖων

524 856 573 916 7)
611 871 654 916 p.
688 857 766 911 37,
802 858 859 900 13
895 853 1151 917 πατρικῆς
1541 851 1750 916 γενικῆς

521 943 572 997 8)
610 957 659 1001 p.
689 942 769 999 38,
799 942 859 987 18
896 939 1029 1004 τέτῳ
1540 935 1705 1001 τούτῳ

521 1029 573 1082 9)
610 1042 656 1086 p.
685 1029 765 1083 38,
791 1029 855 1075 20
893 1023 1080 1078 ὲνικαῖς
1540 1026 1766 1084 γενικαῖς

490 1112 571 1174 10)
609 1129 656 1172 p.
688 1116 771 1169 40,
802 1117 825 1158 1
896 1107 1160 1174 “Ελλῆνων
1538 1098 1783 1170 ρἘλληνῦι

488 1196 571 1257 11)
608 1214 655 1258 p.
685 1200 766 1255 46,
795 1200 853 1245 21
899 1193 1062 1260 μόνων
1097 1197 1159 1259 (f)
1542 1189 1691 1254 μόνον

490 1284 572 1340 12)
612 1299 655 1342 ρ.
685 1286 767 1340 48,
798 1287 826 1331 9
899 1278 967 1344 δὴ
1541 1275 1600 1328 δὲ

492 1373 578 1421 13)
615 1384 660 1428 p.
688 1372 772 1426 48,
801 1371 829 1414 9
901 1369 974 1418 τῶ
1539 1359 1596 1412 τὸ

490 1453 574 1515 14)
610 1471 654 1515 p.
683 1456 766 1513 48,
795 1457 823 1500 9
897 1452 1363 1518 προσηγησαμένης
1540 1445 1974 1512 προηγησαμένης

488 1541 573 1599 15)
609 1555 653 1600 p.
686 1541 768 1596 43,
800 1542 860 1586 18
900 1534 1172 1601 συνήνεσαι
1208 1538 1270 1603 (f)
1544 1532 1818 1597 συνήνεσαν

493 1626 572 1688 16)
610 1641 656 1686 p.
683 1627 764 1681 54,
804 1627 859 1670 18
898 1618 1011 1674 ἀντὶ
1055 1623 1144 1675 τοῦ
1191 1621 1488 1682 πεποῶότος
1538 1617 1819 1671 aenoandron

896 1706 1226 1772 (πεποιὲτότας
1263 1710 1301 1773 f)

492 1791 574 1860 17)
610 1811 655 1856 p.
687 1797 768 1855 50,
801 1801 822 1841 1
898 1794 1069 1846 τοῦτον
1107 1798 1165 1857 (f)
1543 1796 1631 1847 τοῦ
1669 1793 1755 1849 τὸν

490 1880 573 1939 18)
611 1897 656 1942 p.
688 1882 770 1939 50,
798 1885 826 1929 9
899 1881 1175 1944 περιεπάτη
1541 1877 1887 1945 περιεπάτησε

492 1969 574 2025 19)
610 1982 659 2028 p.
691 1969 767 2023 12,
798 1968 860 2013 30
899 1959 1051 2017 αὐτὸν
1543 1961 1689 2017 αὐτοὶ

488 2054 575 2109 20)
612 2068 661 2113 p.
693 2056 770 2111 12,
798 2055 857 2099 31
899 2045 1270 2116 οἷποτεινόμεὲτα
1541 2046 1925 2116 &mammem

660 2173 833 2235 Quod
878 2178 905 2232 t
954 2179 1016 2233 et
1076 2176 1101 2231 f
1157 2181 1442 2254 quattuor
1497 2175 1648 2234 locis
1712 2174 1893 2234 etiam
1953 2174 2015 2233 in
2064 2174 2234 2234 vitiis
2297 2195 2545 2236 consen-

490 2277 668 2349 tiunt,
731 2277 795 2335 id
841 2276 1063 2351 duplici
1119 2277 1354 2336 ratione
1416 2277 1707 2353 explicari
1769 2285 1983 2356 potest,
2043 2277 2172 2337 sive
2232 2278 2545 2358 utriusque

489 2380 709 2439 codicis
756 2379 1008 2438 scribam
1063 2384 1298 2438 textum
1360 2380 1714 2456 corrupisse,
1781 2380 1910 2439 sive
1971 2382 2362 2458 archetypum
2424 2381 2541 2440 iam

490 2491 766 2559 corrupta
810 2482 1175 2559 praebuisse,
1244 2484 1504 2542 Parisini
1550 2493 1749 2542 autem
1798 2491 2098 2543 auctorem
2145 2485 2295 2543 haec
2348 2504 2543 2544 corre-

487 2585 651 2644 xisse
671 2605 887 2644 sumas.
961 2585 1180 2645 Tamen
1215 2587 1463 2645 alterum
1499 2607 1617 2645 non
1656 2587 1906 2664 quadrat
1936 2586 2000 2644 in
2035 2586 2394 2662 scripturam
2421 2588 2540 2664 16).

490 2690 640 2746 Nam
689 2687 920 2747 etiamsi
969 2691 1122 2746 bene
1169 2688 1454 2765 scriptum
1504 2694 1596 2747 est
1640 2688 1705 2747 in
1745 2708 1780 2763 p
1828 2682 2214 2765 “uenationis-'¹
2260 2681 2391 2747 ἀντὶ
2437 2691 2543 2747 τοῦ

490 2784 847 2860 πεποιθότα,
898 2795 1100 2849 tamen
1149 2791 1411 2850 eiusdem
1452 2791 1682 2866 figurae
1714 2794 1916 2863 verba,
1967 2810 2116 2869 quae
2162 2794 2540 2865 antecedunt,

489 2893 689 2953 codice
734 2914 772 2968 p
820 2893 905 2952 sic
950 2894 1168 2952 tradita
1213 2887 1503 2971 “affin’'
1553 2886 1682 2950 ἀντὶ
1738 2894 1843 2950 τοῦ
1890 2886 2169 2962 ἐλθόντος
2231 2898 2364 2971 (pro
2412 2887 2543 2952 ἀντὶ

488 2997 593 3052 τοῦ
628 2989 903 3069 ἐλθόντα)
951 2997 1368 3055 demonstrant
1395 2995 1549 3054 illud
1588 2990 1927 3053 πεποιθότα
1973 3017 2092 3056 non
2138 2997 2272 3071 lege
2317 2997 2542 3072 figurae

487 3104 803 3176 perspecta
832 3104 965 3157 orta
997 3119 1145 3170 esse,
1188 3100 1288 3157 sed
1320 3120 1396 3157 ex
1427 3101 1757 3176 archetypo
1790 3098 2159 3173 provenisse.
2248 3100 2308 3158 Si
2342 3105 2542 3158 autem

487 3221 701 3261 verum
748 3221 876 3259 esse
931 3200 1312 3273 concesseris„
1377 3203 1533 3280 quod
1583 3202 1657 3261 de
1718 3221 1836 3259 uno
1895 3202 2010 3259 hoc
2052 3201 2185 3260 loco
2233 3202 2542 3260 contendi-

485 3326 632 3377 mus,
682 3304 856 3363 simul
901 3303 1082 3363 etiam
1129 3303 1495 3381 explicatum
1542 3309 1654 3373 est,
1701 3322 1803 3362 cur
1847 3302 2098 3383 reliquis
2145 3304 2293 3364 locis
2341 3305 2464 3363 cod.
2504 3326 2543 3381 p

486 3411 769 3483 praestet.
858 3408 939 3466 Et
981 3427 1090 3484 per
1121 3426 1183 3465 se
1215 3407 1404 3465 multo
1452 3405 1824 3483 probabilius
1857 3412 1949 3465 est
1980 3391 2202 3466 codicis
2239 3412 2538 3467 auctorem

486 3515 579 3568 tot
621 3510 837 3587 probas
885 3508 1210 3585 scripturas
1262 3530 1337 3568 ex
1397 3511 1725 3585 archetypo
1785 3509 2059 3569 hausisse
2104 3530 2283 3589 quam
2340 3509 2540 3584 ipsum

485 3612 954 3692 unumquodque
988 3610 1208 3671 vitium
1247 3611 1595 3671 correxisse.
1687 3611 1830 3671 Tres
1875 3611 2068 3687 igitur
2107 3617 2294 3672 testes
2337 3630 2541 3671 recen-

486 3713 671 3773 sionis
717 3717 755 3773 b
802 3713 1083 3773 audiendi
1128 3720 1287 3772 sunt.
1391 3712 1625 3775 Quibus
1690 3714 1979 3793 expositis
2038 3716 2324 3775 lectorem
2384 3734 2540 3774 com-

487 3816 818 3877 monefacio
865 3817 1032 3875 illius
1079 3821 1255 3875 notae
1300 3817 1361 3875 in
1411 3822 1439 3876 t
1483 3816 1751 3891 margine
1796 3818 1871 3876 ad
1926 3819 2121 3893 Τρῶες
2165 3819 2431 3878 adiectae
2479 3813 2540 3873 ἐν

484 3912 634 4000 ἄλλῳ
654 3912 879 3991 Ἴωνες,
929 3939 1107 3998 quam
1155 3920 1351 3979 scriba
1394 3922 1547 3979 bene
1581 3940 1650 3979 ex
1689 3922 2018 3998 archetypo
2066 3920 2400 3993 transtulit,
2444 3940 2539 3979 re·

480 4022 637 4104 liqui
683 4022 835 4082 male
879 4023 1286 4097 neglexerunt
1329 4022 1430 4101 (cf.
1477 4043 1535 4099 p.
1589 4023 1710 4101 15).
