3234 4950
560 359 629 428 11
1368 358 1791 422 -13—

1521 547 1659 626 §3-

1067 671 1165 726 De
1209 670 1619 728 recensionis
1664 674 1719 727 B
1764 672 2080 730 testibus.

731 786 1027 862 Integrior
1069 788 1432 847 recensionis
1478 789 1524 844 B
1569 789 1759 848 forma
1802 809 1921 848 uno
1969 790 2168 848 codice
2208 787 2607 848 Laurentiano

556 889 840 967 redditur,
885 890 1124 949 brevior
1168 890 1370 950 codice
1417 891 1484 963 O,
1532 893 1725 949 denuo
1773 898 1998 951 mutata
2040 891 2387 951 recensione
2433 892 2491 950 b.

1151 1026 1211 1103 a)
1285 1027 1394 1086 De
1439 1029 1923 1087 recensione
1966 1029 2024 1088 b.

728 1147 986 1204 Primum
1036 1166 1151 1207 rec.
1197 1149 1235 1205 b
1279 1146 1418 1206 inde
1464 1148 1856 1221 cognoscitur,
1905 1149 2062 1226 quod
2096 1147 2355 1206 omnium
2388 1146 2607 1221 figura-

553 1269 683 1309 rum
745 1269 930 1328 usque
988 1251 1062 1307 ad
1119 1251 1355 1309 schema
1390 1244 1740 1328 Ἀργολικόν
1802 1256 1866 1310 et
1911 1251 2227 1311 schematis
2268 1240 2501 1307 Ῥοδίου
2548 1254 2610 1308 et

543 1345 828 1409 Ἀσιανοῦ
875 1352 1114 1410 nomina
1160 1353 1621 1425 transformavit,
1667 1358 1736 1412 ut
1764 1351 2008 1411 nomina
2048 1353 2310 1428 gentium
2345 1352 2440 1411 vel
2473 1370 2605 1427 per-

552 1472 827 1512 sonarum
873 1454 1089 1530 plurali
1137 1474 1381 1513 numero
1428 1460 1679 1530 poneret
1719 1456 1924 1534 itaque
1969 1456 2118 1514 mira
2155 1454 2260 1513 illa
2291 1446 2603 1535 ‘J'lssvxsg'’

553 1551 960 1636 αἈλκμοῖνες”
1007 1556 1287 1615 efficeret.

725 1661 910 1718 Porro
938 1659 1018 1739 ¹in
1063 1659 1268 1733 figuris
1314 1657 1531 1719 Atticis
1578 1661 1826 1718 alterum
1874 1661 2138 1720 novavit.
2210 1658 2401 1735 Supra
2445 1658 2602 1717 enim

549 1762 959 1824 contendimus
1019 1762 1102 1840 (p.
1138 1761 1198 1838 5)
1257 1763 1622 1822 redactorem
1673 1764 1716 1819 Β
1780 1764 1989 1822 seriem
2037 1762 2270 1821 illarum
2334 1762 2419 1820 ita
2468 1761 2603 1819 fini-

548 1866 738 1926 visse:
781 1861 881 1922 καὶ
926 1858 992 1922 τό
1041 1861 1352 1940 μέμφομαι
1401 1862 1498 1921 καὶ
1549 1856 1810 1936 ὀνειδίζω
1857 1861 1957 1922 καὶ
2004 1860 2219 1940 ἐνοχλῶ
2264 1859 2364 1922 καὶ
2410 1861 2602 1922 λοιδο-

553 1970 775 2046 ροῦμαι
819 1965 1029 2049 δοτικῇ
1076 1960 1508 2025 συντάσσουσιν
1552 1957 1873 2044 (Ἀττικοί).

727 2068 806 2128 Οἱ
861 2065 923 2128 δὲ
971 2073 1224 2144 Δωριεῖς
1271 2063 1709 2142 ἐναντιούμενοι
1763 2063 1972 2139 αὐτοῖς
2016 2066 2371 2137 ainamma}
2413 2070 2599 2126 ταῦτα

550 2166 943 2231 συντάσσουσι
990 2168 1331 2253 (μέμφομαί
1376 2169 1468 2228 σε’
1518 2169 1801 2251 λέγοντες.
1878 2171 2220 2247 Σημείωσαι
2292 2166 2354 2230 δὲ
2401 2164 2489 2230 ὅτι
2535 2165 2601 2231 τό

549 2277 890 2347 σολοικίζειν
936 2266 1240 2346 ἀττικίζειν
1287 2271 1422 2332 ἐστι’.
2406 2347 2414 2353 .

718 2378 885 2437 Haec
928 2379 1087 2437 enim
1132 2379 1313 2437 tradit
1348 2372 1795 2448 LaurentianuS,
1844 2380 1988 2438 haec
2037 2380 2356 2438 cohaerent
2399 2384 2461 2437 et
2504 2399 2599 2437 co-

544 2484 870 2540 haerebant
921 2482 982 2539 in
1030 2481 1447 2560 antiquissimo
1494 2483 1849 2559 archetype,
1909 2483 1967 2540 id
2029 2483 2184 2561 quod
2233 2482 2498 2541 recensio
2543 2486 2599 2541 A

550 2587 720 2644 docet
779 2584 878 2662 (cf.
941 2576 1076 2641 ἄλλο
1140 2586 1374 2652 πολλοῖς
1437 2580 1743 2659 εἰρημένον
1788 2604 1844 2660 p.
1880 2589 1978 2658 51,
2012 2590 2112 2643 29.
2177 2586 2318 2644 Cod.
2366 2584 2415 2642 Ο
2463 2585 2599 2644 mit-

544 2688 759 2747 tendus
804 2691 911 2759 est,
959 2688 1114 2764 quod
1165 2688 1235 2744 de
1272 2687 1523 2745 Doribus
1571 2688 1810 2745 omnino
1842 2688 2045 2764 tacet.)
2108 2688 2281 2745 Unde
2313 2707 2440 2746 meo
2472 2687 2599 2746 iure

549 2790 859 2864 collegisse
903 2790 1047 2847 mihi
1093 2778 1301 2849 videor
1346 2789 1807 2849 Laurentianum
1858 2789 1953 2848 hic
1984 2789 2273 2849 sinceram
2305 2790 2599 2849 recensio·
2660 2844 2663 2847 ,

549 2894 639 2953 nis
685 2894 731 2950 B
792 2892 1107 2966 imaginem
1165 2911 1450 2951 servasse.
1542 2890 1698 2954 Quid
1746 2899 1939 2950 autem
1988 2893 2130 2952 fecit
2173 2892 2255 2950 b?
2341 2891 2600 2951 Diremit

543 2997 701 3054 hunc
746 3015 999 3066 nexum,
1064 3001 1133 3053 ut
1192 3001 1328 3054 ante
1370 2994 1562 3053 Dores
1606 2994 1913 3067 insereret,
1976 3014 2127 3074 quae
2192 2996 2420 3054 duobus
2464 2995 2596 3053 aliis

545 3098 691 3157 locis
736 3098 807 3162 de
854 3098 1070 3157 Atticis
1113 3103 1437 3157 memorata
1480 3104 1668 3173 erant,
1717 3117 1835 3155 non
1880 3097 1944 3155 in
1989 3099 2333 3157 recensione
2380 3098 2444 3169 B,
2492 3100 2593 3156 sed

545 3200 606 3258 in
653 3203 724 3263 A.
798 3201 953 3274 Ergo
999 3202 1037 3258 b
1082 3199 1487 3258 recensionem
1538 3204 1582 3255 A
1632 3199 1958 3276 usurpavit,
2006 3202 2063 3257 id
2111 3201 2267 3279 quod
2313 3200 2377 3258 in
2422 3206 2592 3259 textu

542 3303 904 3362 recensendo
965 3303 1120 3360 haud
1181 3303 1347 3378 parvi
1410 3302 1693 3360 momenti
1757 3311 1862 3363 est.
1954 3304 2303 3375 Afferamus,
2359 3322 2511 3381 quac
2556 3305 2593 3361 b

544 3406 931 3482 interposuit,
997 3412 1056 3463 et
1102 3423 1520 3480 componamus
1566 3425 1698 3463 cum
1743 3404 1862 3463 illis
1907 3405 2083 3477 locis,
2141 3406 2241 3463 ubi
2287 3407 2341 3463 A
2388 3425 2592 3464 eorum

545 3510 906 3568 mentionem
949 3508 1092 3567 facit
1134 3508 1182 3565 B
1227 3513 1476 3567 tacente.
2178 3556 2274 3588 rec.
2312 3544 2367 3589 B.

612 3709 699 3762 καὶ
768 3707 826 3762 τὸ
891 3708 1157 3776 μέμφομαι

543 3794 631 3846 καὶ
656 3790 888 3857 ὀνειδίζω
913 3793 1002 3846 καὶ
1021 3792 1155 3861 ἐνοχ-

544 3880 614 3931 λῶ
680 3880 768 3931 καὶ
838 3880 1158 3946 λοιδοροῢμαι

542 3967 719 4031 δοτικῇ
793 3965 1156 4018 συντάσσουσιν

780 3642 875 3675 rec.
914 3627 946 3673 b
1364 3640 1461 3673 ree.
1504 3628 1547 3673 A
1705 3607 1725 3914 u
1904 3627 2052 3674 Laur.
2339 3641 2435 3673 rec.
2473 3627 2505 3673 b

541 4049 755 4118 (Attici).
1707 3915 1723 4119 ΙΙ
1777 4042 1781 4046 ⁴
