3234 4950
1484 1388 1566 1456 V.

1193 1580 1315 1658 DE
1370 1577 1849 1658 FONTIBUS.

666 1824 935 1884 Vidimus
996 1822 1182 1896 igitur
1242 1823 1356 1881 tria
1418 1822 1717 1881 schemata
1774 1841 1810 1880 a
1868 1822 2070 1898 lyricis
2127 1823 2425 1899 appellata
2484 1801 2548 1879 in

495 1926 829 1986 Aristarchi
874 1925 1111 2002 scriptis
1156 1926 1496 1998 occurrisse,
1545 1926 1819 2002 Ibycium
1865 1933 2062 1985 autem
2110 1926 2183 1984 ab
2228 1925 2332 1986 illo
2377 1925 2550 1986 aliter

494 2029 852 2107 explicatum
919 2048 1046 2087 esse
1123 2035 1300 2108 atque
1358 2047 1392 2086 a
1451 2034 1654 2088 nostro
1717 2028 2033 2106 scriptore,
2115 2030 2272 2109 quod
2330 2028 2549 2087 formas

492 2133 659 2194 velut
689 2129 1083 2211 παμφαίνῃσι
1131 2131 1204 2189 ab
1236 2132 1422 2211 Ibyco
1465 2136 1779 2207 usurpatas
1824 2131 2235 2191 coniunctivos
2281 2150 2407 2189 esse
2448 2133 2548 2189 ad-

495 2235 618 2295 dita
678 2235 906 2313 syllaba
946 2230 1008 2294 '82
1066 2240 1226 2293 recte
1285 2235 1526 2307 statuit,
1588 2235 1908 2294 Lesbonax
1969 2233 2380 2293 coniunctivos
2439 2254 2546 2309 pro

493 2338 834 2398 indicativis
897 2357 930 2395 a
988 2342 1166 2413 poeta
1222 2336 1410 2414 lyrico
1472 2336 1771 2395 adhibitos
1831 2355 1962 2395 esse
2026 2342 2247 2396 censet.
2335 2337 2470 2396 Hoc
2513 2355 2549 2394 a

492 2446 695 2502 nostro
753 2441 1072 2519 scriptore,
1134 2441 1182 2499 si
1244 2439 1432 2516 ipsius
1491 2440 1821 2499 Aristarchi
1879 2439 1977 2500 vel
2035 2439 2549 2500 Aristarcheorum

494 2545 945 2605 commentarios
987 2544 1217 2618 adierit,
1277 2548 1557 2603 novatum
1605 2562 1735 2603 esse
1794 2548 2005 2621 putare
2047 2543 2205 2603 licet.
2291 2544 2405 2602 Sed
2450 2544 2544 2603 fac

495 2649 921 2708 Lesbonactem
963 2649 1172 2707 harum
1219 2647 1539 2723 figurarum
1584 2646 1860 2706 notitiam
1893 2667 2011 2706 non
2045 2666 2123 2705 ex
2152 2647 2283 2722 ipsa
2312 2645 2548 2706 scholae

497 2751 908 2810 Aristarcheae
976 2752 1262 2823 doctrina,
1326 2770 1532 2810 verum
1595 2769 1672 2809 ex
1734 2749 1851 2809 alio
1911 2751 2078 2809 fonte
2141 2749 2309 2830 quasi
2366 2749 2548 2808 inter-

496 2854 687 2911 medio
734 2853 1078 2929 repetiisse:
1137 2853 1632 2928 circumspicienti
1679 2857 1910 2926 tamen,
1974 2857 2121 2932 quot
2163 2856 2347 2912 testes
2389 2858 2548 2912 aeta-

495 2962 615 3015 tem
660 2956 922 3028 tulerint‚
982 2976 1101 3014 non
1163 2960 1510 3028 occurrunt,
1574 2956 1732 3014 unde
1791 2955 1894 3013 ille
1953 2956 2212 3031 pendere
2257 2955 2546 3015 videatur.

498 3060 665 3118 Inter
725 3060 834 3118 hos
888 3058 1233 3134 primarium
1293 3058 1489 3118 locum
1547 3059 1778 3118 obtinet
1837 3058 2245 3131 Herodianus,
2322 3058 2423 3137 qui
2484 3057 2547 3115 in

496 3159 699 3220 libello
760 3156 897 3238 περὶ
941 3153 1254 3236 σχημάτων
1319 3162 1653 3237 conscripto
1699 3166 1937 3237 praeter
1980 3161 2409 3220 Lesbonactem
2455 3180 2546 3219 so-

495 3264 588 3323 lus
632 3269 754 3323 tres
784 3264 1002 3339 figuras
1048 3284 1083 3322 a
1112 3263 1315 3341 lyricis
1345 3263 1536 3340 poetis
1573 3263 1908 3322 nominatas
1940 3263 2299 3322 coniunctim
2329 3267 2546 3323 tracta-

495 3368 586 3427 vit
630 3366 827 3444 (Walz
873 3367 962 3427 rh.
987 3367 1086 3427 Gr.
1118 3366 1274 3426 VIII
1319 3387 1379 3442 p.
1415 3370 1556 3439 605,
1601 3366 1861 3441 Spengel
1903 3367 1995 3425 rh.
2030 3365 2127 3423 Gr.
2162 3366 2261 3424 III
2290 3386 2350 3443 p.
2384 3368 2545 3445 100).

496 3473 833 3546 Videamus,
873 3492 991 3552 quo
1035 3471 1489 3531 necessitudinis
1529 3470 1769 3532 vinculo
1812 3472 2131 3548 scriptores
2170 3472 2550 3531 cohaereant:
