3234 4950
1400 320 1872 397 -100..-
2609 331 2662 393 V

777 501 1320 564 Animadvertimus
1382 505 1444 562 in
1510 505 1786 565 omnibus
1843 504 2279 565 commentariis
2333 504 2662 565 Aristonici

604 603 1050 664 adnotationem
1097 626 1382 666 conexam
1429 625 1558 666 esse
1602 626 1733 665 cum
1779 614 1921 667 nota
1964 607 2182 682 dispari
2228 606 2468 667 scholiis
2513 627 2664 685 quae

601 707 878 765 dicuntur
922 709 1275 783 exegeticis,
1338 717 1405 769 ut
1464 709 1718 782 videtur,
1777 710 2231 769 adnumeranda.
2337 710 2664 789 Utramque

601 809 811 867 scholii
858 817 1084 884 partem
1131 810 1248 868 iam
1294 812 1669 871 coniunctam
1715 818 1851 870 ante
1897 811 2098 870 oculos
2130 812 2407 870 habuisse
2440 813 2661 871 Lesbo-

600 917 831 970 nactem
908 914 1216 987 probabile
1292 914 1565 974 arbitror.
1670 914 1892 971 Dorum
1969 913 2329 972 mentionem
2392 917 2661 974 socordia

602 1014 728 1074 sive
773 1014 1162 1074 Lesbonactis
1224 1017 1351 1076 sive
1408 1015 1733 1075 redactoris
1793 1015 2066 1075 omissam
2111 1034 2240 1075 esse
2303 1017 2476 1076 docet
2520 1018 2659 1075 Pin-

603 1116 862 1174 daricum
924 1118 1259 1194 exemplum
1288 1111 1546 1193 ’Ἕλληνα
1592 1113 1842 1196 στρατόν
1903 1119 2061 1197 quod
2122 1119 2187 1175 in
2231 1119 2409 1178 Lesb.
2455 1138 2661 1178 recen-

601 1219 768 1277 sione
828 1239 948 1278 non
1008 1222 1223 1294 habet,
1286 1241 1404 1300 quo
1467 1227 1603 1297 apte
1664 1222 1973 1280 referatur.
2064 1221 2153 1278 De
2212 1221 2442 1280 ratione
2506 1221 2662 1281 inter

602 1320 1031 1381 Lesbonactem
1076 1328 1138 1381 et
1181 1323 1468 1381 scholium
1515 1323 1921 1383 intercedente
1968 1323 2241 1399 exposita
2278 1323 2326 1381 si
2359 1343 2503 1383 vera
2533 1343 2661 1383 esse

603 1424 980 1497 concesseris,
1026 1426 1311 1501 temporis
1354 1426 1647 1485 indicium
1692 1425 1893 1484 nancti
1940 1445 2158 1484 sumus.
2240 1426 2393 1483 Nam
2439 1426 2660 1484 scholia

604 1527 928 1602 exegetica,
976 1548 1224 1606 quorum
1272 1548 1488 1603 corpus
1530 1530 1647 1585 iam
1693 1534 1831 1587 ante
1877 1547 2026 1586 saec.
2072 1527 2313 1587 tertium
2361 1529 2659 1588 exstitisse

603 1628 926 1706 constat1),
973 1649 1104 1688 cum
1154 1630 1495 1703 Aristonici,
1557 1632 1659 1710 qui
1707 1649 1783 1688 ex
1845 1631 2319 1710 quattuorvirum
2378 1631 2659 1690 societate

604 1732 787 1790 eximi
830 1732 1056 1811 nequit,
1119 1733 1604 1792 adnotationibus
1662 1739 1799 1808 post
1842 1732 2176 1792 Herodiani
2222 1734 2454 1792 demum
2499 1742 2656 1792 aeta-

603 1843 723 1894 tem
769 1835 998 1895 conecti
1042 1841 1385 1911 potuerunt.

780 1938 990 1996 Altero
1037 1937 1167 1996 loco
1214 1939 1336 1997 red.
1369 1941 1426 1996 A
1472 1939 1654 1998 tradit
1706 1971 1790 1981 —
1830 1936 2203 2010 Lesbonacti,
2253 1941 2321 1996 ut
2349 1943 2513 2013 put0,
2556 1939 2657 1995 ab·

612 2039 924 2098 iudicanda
968 2071 1048 2081 —
1098 2060 1248 2118 quae
1284 2060 1316 2098 e
1361 2040 1781 2122 commentario
1828 2060 1862 2098 a
1906 2040 2090 2099 schol.
2121 2039 2168 2095 T
2210 2040 2368 2097 haud
2412 2040 2659 2098 multum

603 2142 976 2219 discrepante
1007 2161 1274 2201 manasse
1304 2143 1600 2202 videntur.
1690 2144 1841 2201 Nam
1876 2143 2032 2221 quod
2078 2141 2143 2200 in
2176 2141 2420 2200 Homeri
2453 2143 2513 2197 A
2535 2146 2656 2199 423

612 2237 763 2313 Ζεὺς
807 2237 918 2323 γάρ
966 2237 1342 2313 ἔςὨαιεανὸν
1387 2239 1510 2318 μετ’
1567 2239 1883 2320 ἀμύμονας
1914 2240 2266 2319 Αἰθιοπῆας
2308 2235 2512 2318 χθιζὸς
2550 2239 2658 2318 ἔβη

606 2341 750 2421 ueto}
797 2344 968 2404 δαῖτα
1011 2348 1269 2423 priorem
1301 2348 1800 2422 praepositionem
1848 2331 1991 2421 μετά
2039 2346 2167 2404 loco
2199 2345 2657 2421 praepositionis

607 2446 669 2508 ἐν
713 2449 963 2526 positam
1012 2470 1138 2510 esse
1197 2449 1517 2522 contendit,
1577 2449 1706 2508 sine
1768 2449 1947 2508 dubio
2008 2448 2233 2509 scholio
2296 2448 2360 2506 in
2418 2448 2658 2508 brevius

606 2560 905 2612 contracto
952 2552 1045 2629 (ut
1087 2554 1149 2610 in
1196 2552 1268 2628 T)
1328 2553 1399 2611 ad
1459 2554 1816 2612 sententiam
1880 2571 2217 2628 perversam
2278 2552 2486 2611 ductus
2532 2558 2658 2611 est:

1515 2687 1672 2734 schol.
1710 2687 1751 2732 Τ
2210 2687 2363 2733 schol.
2401 2687 2443 2732 B

1394 2764 1431 2834 τῖ
1467 2813 1494 2835 ,ι
1510 2766 1639 2835 μετά
1656 2769 1684 2792 ”
1712 2764 1823 2822 ἀντὶ
1844 2770 1941 2836 τῆς
2062 2762 2182 2835 μετ’
2252 2762 2535 2836 ἀμύμονας]
2622 2764 2660 2835 ’ἦ

1325 2853 1410 2907 ἐπί
1444 2853 1533 2905 καὶ
1579 2849 1693 2907 ἀντὶ
1723 2855 1822 2921 τῆς
1855 2852 1938 2907 ἐν·
1992 2850 2290 2919 ,ιμετά”νῦν
2310 2847 2421 2905 ἀντὶ
2437 2853 2535 2918 τῆς
2560 2851 2660 2905 ἐπί.

1325 2937 1621 3006 ιιστεροπήν
1663 2936 1794 3004 μετὰ
1829 2956 1941 3006 χερ-
1994 2937 2103 2990 ἔστι
2154 2936 2211 2990 δὲ
2264 2936 2354 2989 καὶ
2400 2932 2513 2990 ἀντὶ
2564 2939 2661 3003 τῆς

1327 3025 1449 3078 σὶν”
1485 3023 1615 3092 ἔχων
1653 3024 1719 3092 (Δ
1747 3025 1883 3092 184).
1994 3021 2075 3075 ἐν·
2127 3022 2257 3091 ιιέχε
2309 3020 2369 3076 δὲ
2412 3020 2662 3088 στεροπήν

1996 3105 2124 3174 μετὰ
2160 3107 2331 3176 χερσίν
2345 3107 2372 3130 ”
2412 3107 2480 3173 (Δ
2521 3112 2658 3172 184).

652 2688 802 2735 Lesb.
838 2690 881 2734 A
919 2685 989 2751 (p.
1028 2692 1110 2745 36,
1149 2687 1236 2750 23)

676 2767 980 2835 ἐνήλλακται
1001 2768 1101 2836 γὰρ
1125 2765 1163 2835 ’ἦ
1193 2775 1270 2824 60-

606 2852 722 2919 τικῆ
762 2854 835 2913 εἰς
871 2854 1157 2919 αἰτιατικὴν
1185 2855 1274 2908 καὶ

604 2937 643 3006 τῖ
680 2939 759 3007 ,ἐν
776 2944 787 2965 ’
813 2938 1055 3006 πρόθεσις
1083 2940 1155 3000 εἰς
1178 2939 1273 3007 τὴν

604 3071 616 3092 ι
635 3023 766 3092 μετά
779 3028 805 3075 ’.
827 3021 939 3080 ἀντὶ
961 3027 1049 3079 τοῦ
1075 3071 1087 3092 ι
1102 3025 1153 3079 ἐν
1171 3033 1277 3087 τοῖς

607 3106 863 3178 οἰμύμοσιν
880 3111 1121 3175 Αἰθίοψιν
1139 3114 1151 3136 ’
1165 3110 1275 3165 εἶπε

607 3239 633 3261 u
655 3193 778 3262 μετ’
815 3193 1080 3264 ἀμύμονας
1096 3200 1139 3253 ”.

634 3420 643 3426 -
749 3390 801 3446 1)
837 3388 902 3434 cf.
936 3388 1269 3435 Wilamowitz
1304 3388 1514 3436 Hermes
1539 3387 1718 3433 XXIII
1753 3401 1802 3446 p.
1828 3388 2111 3444 142—147‚
2148 3385 2312 3432 Maass
2352 3384 2565 3430 schol.T
2591 3384 2661 3430 VI

609 3475 765 3532 praef.
806 3473 918 3519 VII.
