3234 4950
1474 342 1901 408 —18—
2646 347 2715 419 11

658 536 829 577 verse
874 515 1048 577 Laut.
1092 537 1200 594 pro
1250 510 1445 591 πνοὴν
1489 518 1671 577 tradit
1715 510 1916 593 ψυχὴν
1960 516 2174 575 omissa
2217 516 2392 575 simul
2422 520 2716 579 enuntiati

661 619 922 678 clausula
968 611 1126 678 οἶδεν
1170 611 1205 677 o‘
1252 614 1444 697 λόγος.
1524 620 1694 678 Unde
1755 625 2001 695 apparet
2057 638 2170 678 rec.
2217 620 2255 677 b
2318 625 2530 678 testem
2590 640 2721 681 esse

660 723 1017 798 locupletem
1065 724 1430 785 recensionis
1474 723 1541 782 B.

1264 911 1326 988 b)
1392 912 1499 969 De
1543 911 2117 970 Laurentiano.

837 1030 1009 1093 Quod
1054 1040 1291 1108 praeter
1335 1032 1512 1092 Laur.
1573 1033 1688 1090 hoc
1750 1032 1922 1090 modo
1968 1031 2218 1089 alterum
2265 1034 2626 1092 recensionis
2672 1035 2718 1092 Β

660 1137 872 1192 testem
917 1134 1075 1192 haud
1121 1135 1517 1209 spernendum
1562 1134 1764 1193 nancti
1809 1154 2028 1206 sumus,
2085 1153 2153 1192 eo
2202 1134 2317 1192 erit
2361 1138 2719 1211 exoptatiuS,

661 1236 760 1293 ubi
809 1255 884 1293 ne
927 1236 1105 1294 huius
1148 1235 1367 1296 codicis
1410 1241 1711 1296 auctorem
1757 1256 1981 1295 summa
2027 1237 2144 1298 fide
2191 1238 2579 1315 archetypum
2614 1258 2715 1297 ex-

662 1339 963 1413 pressisse,
1009 1339 1189 1398 immo
1236 1339 1590 1399 coniecturis
1636 1339 1949 1398 indulsisse
1996 1339 2467 1414 cognoverimus.
2545 1339 2715 1403 Quod

665 1441 891 1500 duobus
937 1441 1245 1517 exemplis,
1295 1442 1366 1500 de
1412 1442 1630 1525 quibus
1675 1441 1933 1500 dubitari
1981 1462 2097 1500 non
2144 1447 2368 1518 potest,
2415 1444 2718 1518 probatur.

663 1544 837 1604 Prius
882 1544 1059 1602 offert
1103 1546 1340 1603 schema
1395 1538 1782 1622 Τυρσηνικόν,
1831 1563 1864 1600 a
1909 1563 2022 1603 rec.
2066 1545 2113 1600 B
2160 1549 2391 1602 tantum
2436 1547 2715 1605 traditum

663 1646 747 1724 (p.
781 1651 880 1719 50,
913 1645 995 1723 4).

915 1782 1067 1830 Laur.
1489 1784 1532 1831 O
1572 1783 1643 1845 (p.
1686 1785 1800 1839 272,
1844 1783 1929 1840 16)
2386 1781 2417 1827 b

732 1862 1169 1931 Τυρσηνικόν
1225 1862 1335 1916 ἐστι
1454 1863 1885 1930 Τυρσηνικόν
1922 1862 2031 1916 ἐστι
2150 1864 2563 1929 Τυρσηνικόν
2613 1865 2722 1918 ἐστι

662 1947 718 2002 τὸ
757 1946 852 2008 τὰς
880 1950 1099 2009 δεούσας
1121 1947 1335 2015 προτάτ-
1386 1946 1442 2002 τὸ
1498 1947 1590 2007 τὰς
1644 1947 1863 2009 δεούσας
1913 1967 2029 2015 προ·
2081 1946 2138 2003 τὸ
2194 1947 2287 2009 τὰς
2336 1949 2556 2011 δεούσας
2607 1971 2720 2016 προ-

663 2069 764 2103 Ta„
804 2016 1026 2102 μεῖθχᾶς
1046 2053 1081 2120 2
1107 2053 1158 2118 ι)
1218 2048 1328 2104 ὖπο.
1387 2033 1582 2087 τάττειν
1639 2033 1846 2098 πράξεις
1913 2031 2028 2088 ὕπο·
2081 2034 2277 2088 τάττειν
2336 2036 2544 2099 πράξεις
2607 2032 2721 2088 ὑπο·

799 2085 1006 2151 πραξειν
1388 2116 1601 2183 τάττειν,
1656 2116 1755 2172 οἷον
1795 2138 2030 2186 ιπεριπα-
2081 2118 2291 2172 τάττειν.
2394 2125 2585 2182 reliqua
2654 2147 2720 2166 ε-

667 2151 877 2206 τάττειν.
902 2154 1032 2220 φασὶ
1056 2153 1335 2222 γὰρ,περι-
1442 2203 1457 2221 ,
1651 2201 1665 2219 ,
1841 2209 1854 2230 ‚
1940 2202 1954 2219 ‚

668 2237 909 2303 πατήσας
962 2236 1176 2305 ἀνέστη,
1227 2236 1339 2293 ἀντὶ
1390 2221 1558 2268 τησας
1634 2205 1820 2271 ανέστη
1922 2205 2033 2258 αντὶ
2082 2208 2229 2254 Laur.

1389 2291 1477 2343 τοῦ
1508 2285 1753 2349 7ἀναστάς
1794 2290 2032 2357 περιεπά-

669 2325 758 2376 rofi
786 2321 1011 2384 α’ναστὰς
1034 2324 1338 2390 περιεπάτει.

670 2402 1012 2477 καΥὈμηρος
1036 2402 1107 2477 “3
1133 2409 1192 2464 δὲ
1216 2427 1338 2479 χασ-
1391 2392 1559 2441 mom·

673 2496 888 2562 σάμενος
1010 2496 1297 2566 πελεμίχθη
1310 2498 1338 2520 ”

670 2581 737 2644 (Ν
782 2583 901 2644 148)
969 2580 1058 2635 καὶ
1106 2575 1339 2648 ι,’”Ήφοιι-

673 2684 789 2726 στος
879 2665 1016 2734 κάμε
1100 2664 1297 2735 τεύχων
1313 2668 1339 2690 ”

670 2752 737 2819 (Β
778 2754 914 2817 ιοι).
1362 2717 1370 2821 1

840 2859 1051 2919 Elucet
1093 2859 1156 2915 in
1201 2859 1523 2936 archetypo
1584 2860 1864 2935 scriptum
1911 2860 2094 2919 fuisse
2139 2855 2385 2938 πράξεις
2430 2865 2588 2943 quod
2633 2885 2722 2921 re-

670 2960 823 3040 liqui
866 2965 1048 3020 testes
1093 2969 1483 3024 servaverunt
1545 2967 1605 3021 et
1649 2962 2033 3021 Laurentiani
2095 2965 2288 3023 scriba
2345 2965 2473 3041 ipse
2533 2967 2723 3042 primo

670 3064 929 3123 retinere
972 3063 1214 3124 volebat
1272 3065 1328 3143 (e
1376 3064 1709 3141 corruptela
1750 3058 1995 3142 πράξειν
2056 3066 2207 3124 nihil
2252 3069 2563 3146 sequitur),
2625 3071 2722 3128 sed

670 3186 804 3228 cum
864 3167 928 3224 in
988 3168 1097 3226 hac
1155 3188 1303 3227 voce
1362 3169 1721 3240 offenderet,
1781 3167 1941 3225 linea
2003 3173 2342 3228 transversa
2398 3170 2619 3230 delevit
2665 3178 2724 3229 et

673 3262 920 3345 μετοχὰς
964 3271 1396 3347 superscripsit.

843 3372 1113 3432 Alterum
1159 3382 1573 3448 argumentum
1619 3392 1654 3430 a
1696 3373 1795 3448 fig.
1843 3374 1962 3430 τῶν
2010 3369 2072 3432 ἒν
2111 3364 2549 3455 Πελοποννήσῳ
2589 3375 2721 3432 Δω-

679 3470 856 3554 ριέων
899 3473 1132 3552 (ΧΙΧ),
1196 3494 1348 3552 quae
1409 3476 1606 3535 dativo
1653 3496 1760 3551 pro
1807 3470 1908 3533 διά
1953 3496 1999 3537 c.
2045 3496 2164 3536 acc.
2208 3475 2473 3535 adhibito
2522 3476 2725 3550 oritur,

672 3581 828 3653 peto·
937 3577 1087 3635 Nam
1153 3577 1540 3636 Laurentiani
1604 3578 1883 3650 scribam,
1947 3559 2083 3638 cnm·
2137 3578 2393 3656 primum
2457 3584 2729 3638 exararet

674 3678 775 3760 ιτῇ
822 3671 1175 3762 δικαιοσύνῃ
1219 3673 1640 3755 νενικήκαμεν’
1690 3671 1819 3737 ἆντὶ
1864 3681 1973 3738 τοῦ
2017 3673 2116 3738 διά
2170 3681 2277 3755 τῆς
2330 3673 2729 3757 δικαιοσύνης,

674 3782 1063 3859 archetypum
1109 3786 1372 3842 secutum
1420 3803 1579 3857 esse,
1637 3783 1825 3859 ipsum
1881 3784 2093 3843 deinde
2137 3783 2479 3858 genetivum
2522 3785 2585 3841 in
2632 3785 2728 3842 da-

671 3883 863 3943 tivum
908 3884 1228 3944 mutavisse
1273 3882 1619 3944 testimonio
1667 3887 1705 3944 b
1752 3886 2062 3946 evincitur.

815 4035 863 4100 1)
898 4037 1154 4085 Librarius
1186 4034 1392 4102 πράξειν
1428 4039 1613 4087 lineola
1648 4044 1935 4090 transversa
1970 4039 2234 4087 delendum
2268 4040 2520 4090 indicavit.
