3234 4950
1488 1379 1611 1448 IV.

810 1570 1456 1664 QUAESTIONES
1511 1570 2303 1652 ONOMATOLOGAE.

700 1813 1069 1888 singularem
1115 1814 1305 1874 locum
1353 1815 1510 1873 inter
1554 1811 1927 1893 antiquitatis
1970 1813 2170 1888 libros,
2219 1815 2320 1894 qui
2366 1817 2578 1876 verbo-

533 1938 662 1977 rum
709 1918 1177 1977 constructiones
1227 1937 1262 1976 a
1306 1936 1575 1976 sermone
1622 1916 1854 1992 vulgari
1901 1916 2124 1976 alienas
2185 1918 2309 1979 sive
2354 1917 2578 1994 figurae

531 2022 657 2080 sive
720 2019 1048 2079 soloecismi
1111 2021 1350 2079 nomine
1411 2025 1644 2078 notatas
1688 2023 1947 2078 tractant
1973 2018 2046 2097 ¹),
2109 2020 2160 2079 is
2203 2019 2439 2080 libellus
2485 2042 2579 2080 oc-

533 2128 724 2200 cupat,
785 2124 882 2202 qui
944 2123 1173 2183 dicendi
1222 2123 1615 2200 proprietates
1661 2122 1836 2182 certis
1882 2121 2283 2199 scriptoribus,
2348 2124 2576 2183 urbium

524 2227 754 2300 incolis,
800 2226 1075 2302 gentibus
1121 2227 1331 2285 tribuit
1396 2246 1428 2284 a
1472 2224 1840 2285 Lesbonacte
1886 2227 2139 2305 quodam
2198 2226 2575 2302 compositus.

532 2331 689 2388 Hinc
734 2333 981 2406 apparet
1025 2347 1152 2388 esse
1211 2329 1465 2405 primum
1511 2319 1962 2407 inquirendum,
2023 2329 2316 2406 quomodo
2361 2328 2575 2404 figura-

529 2452 658 2491 rum
704 2432 945 2492 nomina
989 2438 1120 2492 orta
1164 2433 1283 2493 sint
1327 2442 1387 2492 et
1429 2452 1465 2492 a
1510 2451 1628 2513 quo
1672 2430 1935 2492 invente.

700 2536 837 2595 Tria
880 2536 1184 2595 nominum
1229 2556 1445 2613 genera
1487 2537 1643 2613 apud
1689 2537 2114 2596 Lesbonactem
2161 2535 2577 2611 distinguenda

530 2645 684 2712 sunt,
728 2639 983 2716 primum
1030 2659 1064 2697 a
1091 2640 1286 2716 poetis
1314 2639 1517 2719 lyricis
1546 2639 1866 2717 repetitum
1899 2630 2242 2717 (Ἰβύκειον,
2268 2640 2577 2713 Ἀλκμανι-

532 2735 661 2814 κόν,
718 2736 1133 2820 Πινδαρικόν),
1179 2743 1430 2803 alterum
1476 2763 1511 2801 a
1540 2742 1894 2819 scriptorum
1925 2748 2084 2803 certo
2117 2742 2321 2802 ordine
2366 2742 2576 2818 (Περι-

533 2838 866 2923 ηγητικόν),
896 2846 1134 2905 tertium
1168 2846 1424 2925 denique
1455 2845 1632 2920 longe
1661 2846 1918 2921 plurima
1947 2847 2341 2922 complectens
2372 2864 2407 2903 a
2434 2863 2575 2919 gen-

530 2948 688 3007 tibus
733 2948 861 3008 sive
902 2948 1139 3007 urbium
1182 2947 1411 3008 incolis.

701 3053 902 3131 Atque
966 3052 1220 3126 primum
1267 3051 1503 3130 quidem
1549 3071 1782 3124 eorum,
1829 3070 1980 3131 quae
2026 3053 2096 3110 de
2140 3050 2576 3129 lyricorum

671 3292 720 3354 1)
756 3290 819 3339 cf.
859 3290 1128 3338 Herodian.
1165 3292 1227 3338 de
1263 3291 1435 3353 figuris
1471 3292 1552 3352 Sp.
1593 3291 1669 3338 rh.
1713 3289 1796 3337 Gr.
1833 3291 1909 3337 111
1945 3292 2165 3349 85-90,
2216 3289 2572 3337 Ps,·Plutarch.

529 3378 589 3424 de
627 3378 730 3423 vita
763 3381 811 3423 et
844 3375 981 3436 poesi
1017 3376 1219 3424 Homeri
1257 3376 1590 3437 Wyttenbach
1629 3376 1672 3422 V
1711 3378 1740 3423 2
1777 3391 1824 3437 p.
1868 3377 2218 3434 1098—1112,
2272 3376 2495 3424 rhetores
2530 3389 2571 3424 s,

528 3463 610 3523 fig.
647 3456 918 3518 ἀλλοίωσις
967 3463 1047 3509 vel
1099 3457 1379 3525 ἐναλλαγήε
1438 3444 1691 3511 Tiberium
1744 3460 1945 3510 Caecilii
1997 3461 2310 3530 auctoritate¹
2338 3461 2576 3509 confisum

529 3547 633 3611 (Sp.
673 3548 748 3595 rh.
788 3546 872 3594 Gr.
909 3548 985 3596 111
1021 3550 1125 3608 80),
1162 3549 1501 3596 Alexandrum
1536 3550 1645 3613 (Sp.
1669 3549 1745 3596 111
1778 3545 1880 3614 33),
1916 3549 2167 3597 Zonaeum
2202 3548 2306 3613 (Sp.
2335 3549 2413 3596 111
2440 3551 2573 3609 168),

527 3633 972 3681 Phoebammonem
1010 3631 1116 3700 (Sp.
1154 3635 1233 3681 111
1268 3635 1373 3697 49),
1411 3637 1728 3695 Anonymum
1761 3631 1878 3696 περὶ
1913 3633 2257 3697 καινοπρεπῶν
2295 3631 2575 3702 σχημάτων

527 3718 625 3781 τῆς
661 3721 704 3766 Α
743 3716 847 3783 (sp.
885 3720 960 3767 111
997 3718 1144 3784 149),
1193 3725 1443 3767 auctorem
1490 3719 1607 3783 περὶ
1644 3718 1899 3777 σολοικίας
1952 3720 2048 3785 (ed.
2088 3719 2262 3767 Valck.
2297 3726 2411 3781 post
2458 3723 2574 3767 Am-

526 3804 743 3851 monium
790 3819 840 3865 p.
883 3803 1018 3868 198),
1071 3805 1334 3866 Polybium
1385 3802 1501 3868 περὶ
1554 3804 1907 3872 βαρβαρισμοῦ
1958 3802 2048 3856 καὶ
2104 3803 2428 3870 σολοικισμοῦ
2478 3803 2575 3872 (ed.

528 3890 704 3937 Nauck
738 3896 852 3950 post
886 3891 1078 3937 lexicon
1120 3890 1506 3939 vindobonense
1542 3906 1590 3951 p.
1622 3893 1759 3951 282),
1794 3893 2039 3952 Anonym.
2076 3888 2193 3954 περὶ
2222 3889 2573 3960 βαρβαρισμοῦ

526 3972 615 4026 καὶ
653 3974 993 4040 σολοικισμοῦ,
1042 3977 1378 4025 Herodianum
1427 3973 1543 4040 περὶ
1579 3975 1917 4042 σολοικισμῶν
1953 3974 2041 4029 καὶ
2078 3976 2439 4050 βαρβαρισμῶν
2476 3979 2575 4046 (ed.

523 4062 697 4108 Nauck
736 4063 769 4110 l.
809 4064 844 4109 1.
882 4076 932 4124 p.
971 4064 1067 4110 294
1106 4061 1218 4126 sq.).
