3234 4950
487 344 587 406 ΙΙΙ
1306 384 1387 395 -—-
1477 346 1559 413 65
1648 382 1727 393 -——-

488 523 746 596 pugnat3
802 540 878 579 ex
939 540 1055 600 qua
1114 521 1513 582 nominativus
1572 522 1802 581 ratione
1848 521 2129 581 inusitata
2172 521 2537 598 praefigitur,

487 642 655 682 casus
718 623 946 702 obliqui
1010 625 1164 683 iuste
1230 628 1524 683 secuntur.
1632 624 2014 704 Relinquitur
2080 627 2117 683 b
2136 670 2151 698 ,
2214 625 2316 703 qui
2378 624 2539 684 solus

487 728 673 802 proba
717 727 978 787 exhibet.
1068 728 1218 786 Nam
1281 730 1437 807 quod
1494 728 1639 788 dicit
1699 747 1867 788 casus
1912 736 2103 788 reetos
2156 729 2218 787 in
2267 728 2540 808 obliquos

488 829 773 903 converti,
842 831 1019 890 huius
1079 830 1168 889 rei
1231 836 1434 908 aptum
1500 830 1836 908 exemplum
1898 832 2073 890 affert
2135 826 2539 910 ιἐξερχομένου

490 928 674 989 ἔδωκέ
718 931 848 1007 μοι’
920 927 1053 990 ἀντὶ
1098 934 1206 991 τοῦ
1253 927 1625 1008 ἐξερχόμενος
1649 933 1727 1009 1).
1797 934 1966 992 Unde
2011 933 2296 993 reductori
2345 934 2382 990 b
2429 934 2541 992 hoc

488 1035 616 1094 loco
678 1034 853 1094 fidem
908 1036 1234 1095 habendam
1284 1055 1411 1095 esse
1458 1037 1687 1112 colligo.
1778 1037 1917 1096 Rec.
1963 1036 2147 1111 igitur
2194 1039 2238 1092 A
2284 1036 2370 1095 ita
2413 1054 2540 1094 cor-

487 1137 733 1211 rigenda
778 1137 924 1197 erit:
972 1129 1054 1208 ὥς
1099 1131 1210 1217 γάρ
1255 1130 1426 1214 ’ἡμεῖς
1469 1135 1715 1218 λέγομεν
1771 1130 2178 1218 ιἐξερχόμενός
2221 1138 2354 1216 (pro
2387 1134 2538 1215 ἐξερ-

488 1236 740 1321 χομένῳ)
787 1262 889 1315 μοι
933 1237 1152 1299 ἔδωκεν
1169 1240 1201 1311 ⁷,
1251 1227 1419 1300 οὗτοί
1464 1257 1649 1317 φασιν
1695 1236 2115 1321 ιέξερχομένου
2148 1242 2281 1318 (pro
2315 1232 2536 1316 ἐξερχό-

489 1341 685 1419 μενος)
749 1339 935 1401 ἕδωκέ
996 1342 1149 1420 μοι’.
1241 1346 1318 1404 Et
1378 1346 1893 1412 recensionem‚B
1955 1364 2031 1402 ex
2092 1344 2442 1403 auctoritate
2499 1344 2536 1400 b

487 1445 879 1505 restituemus.
952 1447 1258 1506 Sententia
1286 1448 1396 1506 hac
1439 1449 1685 1523 probata
1712 1448 1761 1505 L
1795 1454 1854 1507 et
1885 1448 1933 1505 O
1966 1466 1998 1505 e
2029 1446 2324 1506 communi
2354 1447 2537 1518 fonte,

490 1548 591 1626 qui
632 1567 974 1623 perversum
1036 1545 1132 1608 ἐπί
1190 1550 1553 1622 continebat,
1614 1548 1882 1623 fluxisse,
1948 1550 2210 1610 dativum
2255 1547 2363 1626 (Ο)
2411 1551 2539 1617 ταῖς

489 1641 751 1718 εὐθείαις
794 1671 992 1710 errore
1039 1656 1231 1711 ortum
1278 1670 1406 1711 esse
1454 1654 1808 1711 censendum
1857 1657 1964 1712 est.

659 1754 871 1813 Restat
913 1755 975 1812 in
1023 1756 1225 1813 eadem
1271 1756 1461 1831 figura
1502 1757 1914 1815 recensionum
1963 1755 2314 1828 differentia,
2361 1773 2535 1833 quam

487 1857 693 1915 tollere
742 1858 960 1917 nescio.
1051 1856 1221 1920 Quod
1284 1858 1438 1917 enim
1505 1861 1577 1917 ab
1624 1862 1680 1917 A
1725 1860 1903 1918 Iones
1956 1853 2056 1916 καὶ
2103 1857 2337 1916 πολλῶν
2382 1849 2539 1933 φρά-

487 1975 581 2016 σιν
641 1952 714 2017 οὐ
774 1952 1052 2030 σώζοντες
1113 1952 1288 2017 πάλιν
1347 1979 1381 2017 a
1436 1961 1668 2036 vulgari
1730 1979 1999 2020 sermone
2061 1960 2375 2019 deflectere
2420 1963 2538 2017 tra·

488 2064 723 2135 duntur,
768 2082 887 2120 non
933 2064 1062 2121 sine
1107 2082 1282 2121 causa
1342 2064 1457 2121 hoc
1507 2063 1768 2122 additum
1815 2083 1942 2123 esse
1989 2064 2396 2121 demonstrant
2439 2061 2538 2137 fig.

486 2165 581 2223 XI
625 2165 811 2224 XVII
854 2165 1093 2224 XVIII.
1196 2165 1366 2228 Quod
1412 2172 1606 2226 autem
1657 2167 1704 2224 Β
1750 2166 2056 2226 contendit
2101 2156 2355 2245 ι,Ἰαόνων
2400 2166 2537 2222 πολ-

485 2271 610 2336 λοῖς
653 2264 771 2326 ἔστι
815 2262 880 2326 τὸ
928 2262 1260 2348 πλαγιάζειν
1279 2267 1331 2341 ⁷’,
1377 2276 1584 2329 auctor
1625 2269 1817 2328 libelli
1848 2287 2277 2348 nonnunquam
2308 2274 2535 2345 partem

494 2378 721 2431 tantum
768 2390 985 2443 eorum,
1033 2371 1134 2450 qui
1182 2372 1526 2452 ceteroquin
1573 2373 1775 2431 eadem
1823 2372 2070 2431 dialecto
2103 2375 2367 2443 utuntur,
2414 2391 2536 2429 mo-

493 2494 615 2534 rem
660 2473 889 2533 dicendi
938 2474 1290 2550 singularem
1346 2496 1633 2552 usurpare
1687 2474 2030 2536 observavit
2073 2476 2149 2534 cf.
2180 2472 2366 2535 XVII
2400 2473 2538 2533 XX.

495 2577 843 2657 Quanquam
891 2577 1063 2638 valde
1109 2578 1466 2654 ambiguum,
1513 2600 1652 2638 num
1684 2580 1936 2652 πολλοῖς,
1982 2578 2148 2638 cuius
2189 2577 2319 2636 loeo
2366 2596 2540 2653 gene-

493 2681 680 2739 tivum
726 2681 925 2758 potius
969 2686 1396 2757 exspectamus,
1456 2684 1698 2741 omnino
1743 2689 1904 2742 reete
1951 2687 2013 2741 et
2056 2681 2274 2740 Graece
2322 2680 2540 2739 dictum

493 2784 600 2856 sit;
649 2790 809 2844 certe
851 2789 956 2843 aut
998 2785 1236 2853 πολλοῖς
1278 2791 1380 2844 aut
1424 2786 1659 2844 πολλῶν
1702 2786 1850 2861 legit
1894 2787 1950 2843 b.

666 2909 723 2963 p.
772 2893 869 2960 42,
932 2892 1011 2946 22
1058 2892 1129 2945 A.
1189 2891 1369 2947 Amat
1430 2889 1493 2946 in
1558 2889 1848 2964 exemplis
1911 2887 2233 2945 formandis
2293 2887 2539 2948 verbum

494 2985 789 3072 ‘medvana’
837 2991 1035 3068 Apoll.
1084 2993 1261 3069 Dysc.
1306 2993 1377 3050 de
1409 2999 1624 3052 constr.
1663 2996 1801 3065 128,
1852 2998 1907 3050 4.
1963 2996 2100 3065 134,
2151 2996 2206 3050 9.
2255 2992 2326 3049 de
2371 3008 2539 3064 pron.

497 3097 575 3153 27
616 3096 682 3155 Β.
731 3099 810 3154 44
863 3100 930 3151 A.
983 3101 1060 3152 66
1108 3096 1170 3153 C.
1220 3094 1298 3152 79
1346 3098 1417 3154 A.
1467 3100 1545 3153 80
1594 3099 1664 3153 A.
1714 3099 1793 3153 90
1841 3096 1906 3154 Β.
1959 3094 2077 3153 147
2126 3093 2169 3152 C
2216 3097 2323 3151 etc.

665 3219 720 3274 p.
747 3203 843 3270 42,
871 3194 1055 3279 21122
1073 3198 1136 3255 Β.
1184 3187 1312 3254 εἶθ’
1345 3193 1551 3267 οὕτως.
1587 3195 1651 3255 Si
1682 3188 1872 3264 οὕτως
1903 3197 1975 3254 ad
2007 3214 2260 3275 sequens
2292 3183 2374 3263 ὥς
2401 3196 2539 3251 Διο-

495 3293 696 3370 νύσιος
741 3304 1052 3377 spectaret,
1099 3300 1280 3360 dativi
1317 3301 1600 3359 inusitato
1647 3300 1821 3357 modo
1863 3299 2038 3375 positi
2074 3317 2235 3357 more
2266 3296 2540 3374 Dionysii

332 3407 335 3408 ⁷
397 3451 401 3456 .
492 3404 855 3480 viderentur,
913 3403 972 3460 id
1026 3403 1181 3482 quod
1231 3402 1557 3462 sententiae
1602 3401 1909 3478 scriptoris
1953 3407 2262 3478 repugnat.
2353 3400 2540 3457 Immo
2648 3446 2651 3449 .

494 3506 969 3581 coniungendum
1015 3511 1106 3565 est
1148 3495 1268 3563 εἷθ’
1324 3497 1516 3574 οὕτως
1558 3505 1727 3567 velut
1770 3505 1833 3562 in
1878 3506 2159 3580 Xenoph.
2194 3505 2386 3563 Anab.
2423 3501 2542 3560 VII

500 3616 552 3683 1,
600 3615 672 3668 4:
734 3599 768 3667 ὁ
813 3603 878 3667 δὲ
918 3599 1249 3684 Ἀναξίβιος
1293 3603 1588 3666 ἐκέλευσεν
1647 3599 1831 3665 αὐτόν
1893 3599 2295 3682 συνδιαβάντα
2341 3602 2541 3664 ἔπειτα

492 3705 685 3783 οὕτως
747 3705 1238 3770 ἀπαλλάττεσθαι.
1340 3711 1563 3771 Similis
1642 3718 1733 3770 est
1788 3711 1953 3770 loeus
2016 3711 2172 3786 apud
2218 3715 2412 3772 Anon.
2475 3729 2538 3767 π.

634 3951 683 4016 1)
720 3955 895 4013 Neque
944 3953 1126 4002 desunt
1184 3953 1409 4012 exempla
1455 3965 1481 3997 e
1533 3951 1788 3998 veteribus
1842 3948 2165 4009 scriptoribus
2218 3948 2414 4008 hausta,
2473 3947 2543 3994 cf.

494 4039 691 4101 Kriiger
728 4041 756 4101 ξ
788 4042 873 4099 47,
910 4040 960 4099 4,
999 4043 1043 4087 3.
