3234 4950
1497 346 1920 416 -53-
2625 348 2725 412 111

670 522 822 579 Nam
865 521 1243 581 Aristonicus
1258 566 1273 594 ,
1332 522 1435 580 ubi
1479 541 1689 583 revera
1733 522 2141 583 Aristarchum
2186 523 2472 599 neglexit,
2518 522 2722 584 lectio-

670 644 805 683 nem
879 625 1149 704 sequitur
1223 643 1400 703 quam
1473 644 1506 682 e
1577 626 1823 702 vulgata
1899 645 2051 706 quae
2141 627 2358 686 dicitur
2431 634 2720 704 sumptam

671 747 798 787 esse
859 727 1090 787 codices
1153 727 1340 786 nostri
1401 729 1822 788 demonstrant.
1913 728 2103 809 Atqui
2164 730 2329 789 nullo
2374 729 2584 789 Iliadis
2627 731 2725 790 vel

671 830 971 908 Odysseae
1016 850 1122 890 ms.
1183 885 1215 912 α
1234 824 1463 907 θερμός
1507 823 1703 906 ἀυτμή
1721 827 1753 854 ”
1802 832 2067 892 offertur.
2155 833 2369 912 Itaque
2432 832 2722 893 dubitatio

670 952 705 991 a
748 933 835 990 La
878 933 1104 992 Bochio
1148 939 1309 1019 mota
1353 934 1672 994 evanescit.
1764 937 2030 1013 Kaysero
2078 956 2147 995 eo
2193 937 2479 996 libentius
2524 954 2723 995 assen-

670 1035 806 1108 tior,
865 1040 1180 1115 postquam
1239 1036 1587 1112 fragmentis
1665 1039 2071 1098 commentarii
2144 1041 2217 1098 ad
2275 1039 2523 1099 Iliadem
2586 1058 2726 1098 con-

670 1138 873 1214 scripti
920 1138 1270 1214 percensitis
1317 1141 1569 1215 cognovi
1599 1141 2007 1201 Aristonicum
2054 1144 2427 1218 scriptorum,
2473 1161 2623 1220 quos
2652 1144 2724 1200 ad

667 1241 993 1300 Homerum
1037 1242 1547 1318 interpretandum
1592 1244 1854 1317 adhibet,
1914 1245 2157 1304 nomina
2216 1265 2521 1326 nunquam
2578 1244 2723 1303 omi-

668 1344 832 1417 sisse,
876 1344 1043 1404 velut
1072 1344 1398 1405 Hesiodum
1431 1347 1699 1407 nominat
1741 1349 1802 1404 A
1839 1353 1888 1417 1,
1939 1348 1988 1403 B
2023 1350 2164 1421 507,
2216 1346 2268 1405 Θ
2297 1352 2439 1422 455,
2490 1350 2552 1404 A
2585 1351 2720 1421 155,

674 1441 730 1511 Ξ
757 1451 896 1520 119,
949 1451 1067 1506 124
1101 1448 1217 1526 (Β),
1271 1449 1336 1504 Π
1367 1450 1486 1508 748
1533 1451 1635 1528 (of.
1696 1451 1767 1510 de
1829 1452 2044 1511 ceteris
2105 1451 2363 1512 indicem
2426 1471 2461 1510 a
2520 1451 2723 1509 Fried-

665 1550 946 1608 laendero
992 1551 1367 1627 confectum).
1444 1551 1613 1612 Unde
1659 1573 1779 1611 non
1811 1553 2051 1614 Ascraei
2084 1560 2296 1632 poetae
2340 1554 2490 1614 illud
2534 1604 2566 1634 u
2587 1557 2725 1631 θερ-

669 1645 781 1727 μὸς
825 1644 1065 1729 ἆυτμή”
1112 1672 1240 1713 esse
1286 1655 1506 1714 certius
1551 1656 1863 1716 evincitur.
1954 1658 2143 1716 Immo
2189 1657 2452 1716 eiusdem
2499 1656 2722 1715 ordinis

668 1761 759 1815 est
817 1763 995 1836 atque
1053 1756 1158 1815 illa
1203 1757 1502 1833 exempla,
1570 1777 1723 1838 quae
1780 1777 1858 1818 ex
1918 1759 2179 1818 Homero
2240 1759 2431 1836 petita
2488 1759 2723 1835 saepius

665 1865 1035 1936 repetuntur,
1081 1861 1248 1921 velut

841 1956 1121 2042 ‘condeta
1163 1959 1472 2021 λέλυνται”
1532 1964 1611 2041 (Β
1663 1967 1808 2043 135)
1854 1966 1927 2023 ad
1976 1966 2025 2021 Β
2073 1965 2212 2037 397,
2263 1966 2335 2022 H
2371 1970 2426 2038 6,
2479 1963 2531 2022 Θ
2582 1970 2718 2037 130,

677 2065 746 2121 Π
790 2069 927 2137 128,
980 2066 1117 2138 507,
1176 2067 1245 2122 Ψ
1287 2070 1380 2140 15,
1434 2073 1530 2126 16.
2276 2090 2282 2095 ·

843 2160 1103 2248 ι,κλυτὸς
1162 2160 1597 2245 Ἱπποδάμεια”
1662 2171 1740 2248 (Β
1795 2169 1946 2248 742)
2018 2172 2090 2229 ad
2149 2172 2209 2226 Σ
2264 2175 2417 2241 222,
2488 2170 2537 2227 Ο
2586 2175 2726 2229 626.

845 2267 1018 2350 “gast
1062 2262 1135 2345 μ’
1167 2263 1460 2344 ἀφέλεσθέ
1498 2292 1562 2350 γε
1593 2267 1840 2342 δόντες”
1871 2274 1957 2353 (Α
1984 2274 2133 2351 299)
2165 2273 2327 2332 sad-E
2368 2277 2503 2346 156,
2540 2272 2725 2332 1159.

840 2374 1133 2452 Exempla
1178 2425 1210 2454 u
1227 2367 1454 2451 θερμός
1498 2367 1747 2452 ἅυτμή”
1794 2383 1854 2435 et
1885 2369 2097 2445 κλυτός
2122 2368 2516 2451 Ἱπποδάμεια
2531 2373 2562 2402 ”
2595 2396 2726 2434 cum

671 2478 827 2554 apud
888 2483 1152 2536 nostrum
1215 2478 1564 2554 scriptorem
1627 2482 1831 2538 eadem
1893 2480 2125 2539 ratione
2187 2481 2344 2539 inter
2389 2498 2453 2539 se
2498 2498 2724 2538 conexa

674 2581 794 2638 sint
838 2599 954 2659 qua
997 2580 1061 2638 in
1105 2581 1427 2640 Aristonici
1475 2583 1941 2656 commentariis,
2002 2582 2310 2657 probabile
2370 2589 2461 2642 est
2506 2583 2726 2641 Lesbo-

672 2694 902 2741 nactem
945 2681 1063 2741 iam
1107 2683 1264 2741 inter
1306 2702 1368 2741 se
1403 2686 1719 2744 coniuncta
1748 2685 2013 2744 hausisse
2047 2703 2079 2744 e
2110 2684 2291 2743 simili
2322 2685 2727 2744 commentarii

671 2784 819 2857 loco,
869 2785 972 2864 qui
1011 2786 1082 2844 ad
1129 2806 1171 2859 μ
1217 2790 1340 2845 369
1388 2781 1710 2862 spectabat.

844 2908 900 2964 p.
950 2892 1049 2960 34,
1097 2894 1153 2947 6.
1240 2889 1369 2947 Lex
1416 2891 1487 2949 de
1527 2889 1837 2950 Corinthia
1864 2889 2054 2964 figura
2088 2908 2122 2947 a
2152 2890 2199 2945 B
2245 2888 2551 2965 proposita
2595 2908 2724 2948 cum

674 2990 921 3049 Homeri
968 2991 1051 3047 M
1069 2995 1189 3049 216
1236 2992 1528 3051 rationem
1573 3012 1695 3052 non
1741 2993 1972 3064 habeat,
2019 2999 2122 3051 aut
2165 2992 2456 3051 excidisse
2502 2991 2722 3070 aliquid

671 3085 761 3170 (τὸ
810 3085 982 3172 ιμή’)
1045 3101 1147 3154 aut
1206 3095 1469 3169 regulam
1529 3095 1915 3170 neglegenter
1975 3114 2009 3151 a
2054 3096 2101 3151 B
2166 3095 2549 3170 compositam
2595 3112 2723 3153 esse

674 3196 1047 3255 statuendum
1095 3202 1201 3256 est.
1287 3198 1439 3256 Nam
1497 3197 1835 3273 exemplum
1887 3202 2094 3272 postea
2138 3196 2402 3255 additum
2447 3215 2577 3258 esse
2621 3214 2723 3272 pa-

672 3319 804 3357 rum
848 3299 997 3357 mihi
1025 3300 1348 3359 verisimile
1383 3301 1638 3360 videtur.
1672 3333 1756 3344 —
1791 3300 1984 3358 Verba
2012 3318 2130 3358 rec.
2164 3305 2235 3376 A,
2266 3318 2419 3379 quae
2451 3299 2724 3358 omnibus

677 3521 1011 3569 Aristonicum
1069 3535 1179 3569 eum
1236 3521 1310 3568 sic
1369 3535 1779 3569 commemorasse
1838 3522 2024 3581 dicunt,
2070 3526 2125 3568 ut
2184 3520 2457 3568 Aristarchi
2515 3520 2723 3567 auctori-

670 3608 789 3655 tatis
834 3604 1025 3653 ratione
1076 3621 1178 3653 non
1225 3606 1398 3654 habita
1449 3600 1775 3669 “finalto'sssffl
1811 3606 1960 3653 scribi
1997 3607 2161 3653 vellet.
2232 3605 2330 3653 Sed
2375 3606 2528 3653 schol.
2558 3606 2596 3651 Z
2621 3606 2722 3652 459

672 3694 738 3740 ab
773 3692 873 3739 illis
906 3692 970 3738 ad
1006 3692 1340 3740 testimonium
1375 3699 1608 3740 vocatum
1657 3693 1786 3739 hanc
1821 3694 2116 3753 scripturam
2166 3697 2336 3751 aperte
2371 3692 2596 3738 Philetas
2639 3691 2724 3737 tri-

670 3776 804 3824 buit:
865 3773 1083 3842 εἴπῃσιν]
1137 3768 1216 3827 ὅτι
1263 3771 1321 3827 τὸ
1374 3819 1401 3840 u
1420 3775 1622 3841 εἴπῃσιν
1639 3776 1663 3798 ”
1717 3771 1829 3828 ἀντὶ
1878 3776 1966 3827 τοῦ
2014 3775 2143 3827 εἴποι
2177 3768 2255 3827 ἄν.
2325 3769 2361 3839 ἡ
2399 3771 2458 3828 δὲ
2494 3768 2721 3842 ἀναφορὰ

669 3856 798 3924 πρὸς
833 3858 1062 3925 Φιλητᾶν
1098 3857 1358 3927 γράφοντα
1394 3857 1687 3927 ,ῥρώσκων
1722 3877 1800 3919 τις
1836 3857 1968 3912 κατὰ
2005 3860 2147 3924 κῦμα
2183 3860 2417 3924 μέλαιναν
2455 3855 2608 3926 φρῖχ’
2634 3856 2723 3911 ὁπ-

672 3942 899 4007 αλῦξει”.
959 3935 1105 4004 οὗτος
1150 3943 1248 4011 γὰρ
1301 3943 1376 4011 μὴ
1426 3940 1618 4013 νοήσας
1651 3939 1732 3999 ὅτι
1764 3945 1822 3999 τὸ
1863 3941 2147 4013 “damiete''
2184 3942 2294 4000 ἐστὶ
2327 3942 2385 4001 τό
2423 3940 2726 4016 α’φορμῆσαι

670 4026 770 4084 ὑπὸ
806 4026 900 4097 τήν
933 4034 1093 4098 φρῖκα
1118 4068 1128 4079 .
1156 4066 1170 4080 .
1197 4069 1208 4080 .
1237 4065 1251 4079 .
1287 4032 1394 4086 κτλ.
