3234 4950
3125 164 3130 205 ῑ

1522 340 1605 354 —-
1697 298 1822 370 112'
1908 342 1993 353 —
2650 300 2773 369 VII
3123 214 3134 443 ὲ

3125 496 3130 543 l

715 468 1054 550 συνάπτων,
1102 468 1183 547 ὥς
1227 474 1291 536 οἷ
1329 471 1859 557 παροιμιαζόμενοι
1904 472 2205 552 φάσκουσι
2250 479 2545 557 (Vossian.
2593 478 2771 537 Guel-

714 582 865 641 ferb.
914 586 947 637 2
1007 580 1193 641 Paris.
1241 581 1452 660 3011).
1558 583 1777 641 Parum
1832 582 2115 641 credibile
2175 583 2440 644 diversos
2496 581 2772 641 homines

714 685 801 743 ita
844 703 879 741 a
922 702 1065 744 vero
1097 686 1419 757 aberrasse,
1461 689 1529 744 ut
1572 689 1830 763 utroque
1871 684 2000 743 loco
2048 683 2132 756 fit,
2180 685 2360 743 immo
2406 685 2564 743 idem
2609 685 2769 743 codi-

713 806 844 845 cum
889 785 1276 845 Philostratei
1324 793 1385 845 et
1428 786 1712 845 Lucianei
1764 787 2012 861 margini
2058 792 2262 859 notas,
2310 806 2457 866 quas
2501 788 2769 864 apposui,

711 889 1020 964 adspersit.
1128 889 1454 948 Lucianu'm
1516 894 1713 949 autem
1778 891 1851 947 ab
1913 891 2138 948 Aretha
2198 891 2618 949 commentario
2679 890 2769 947 in·
3123 890 3134 949 ἱ

713 997 1001 1051 structum
1048 1012 1175 1052 esse
1219 992 1495 1052 novimus
1541 992 1642 1071 (cf.
1681 1012 1738 1069 p.
1779 992 1925 1069 103)
1970 999 2031 1050 et
2073 994 2188 1051 hoc
2231 993 2362 1068 ipso
2409 1012 2584 1072 quem
2630 992 2770 1051 ulti-

713 1114 871 1152 mum
918 1113 995 1152 ex
1039 1095 1280 1154 scholiis
1323 1095 1567 1156 Lucian.
1623 1095 2040 1171 adscripsimus
2083 1095 2214 1155 loco
2259 1096 2767 1171 archiepiscopum
3123 1100 3129 1187 Ι

714 1197 901 1272 digito
945 1197 1071 1256 fere
1118 1216 1188 1256 ea
1236 1199 1646 1258 demonstrant
1685 1199 1886 1269 verba,
1934 1196 2150 1275 quibus
2194 1197 2551 1272 Apollonius
2594 1198 2767 1256 casti-

713 1306 903 1375 gatur.
3125 1338 3130 1369 ,

882 1402 1302 1479 Disputatione
1348 1404 1421 1462 ad
1464 1402 1645 1463 finem
1692 1403 1978 1478 perducta
2022 1403 2073 1461 si
2115 1403 2250 1482 quis
2278 1408 2514 1461 nostros
2545 1402 2766 1460 Lesbo-

712 1506 902 1564 nactis
958 1506 1324 1566 recensionis
1368 1510 1419 1565 A
1484 1512 1668 1565 testes
1724 1525 1802 1564 ex
1846 1505 2109 1564 Arethae
2162 1504 2315 1564 libro
2362 1505 2765 1580 manuscripto

709 1609 1008 1670 derivatos
1053 1628 1180 1668 esse
1227 1609 1563 1681 coniecerit,
1609 1608 1764 1666 nihil
1808 1595 2099 1668 obvertas.

2319 1661 2789 1782 v‘ffffiffb
3181 1726 3182 1767 ÷

2292 1796 2828 1878 υΝινεκειτΥ
2884 1834 2891 1887 ,;
3181 1778 3182 1861 3

2352 1902 2756 2026 ‘Rugosum
2963 1953 2976 1970 ⁸

1426 2100 1665 2168 Index
1708 2100 2056 2186 capitum.

2698 2269 2745 2313 p.

799 2344 831 2400 I
877 2343 965 2401 De
997 2343 1199 2402 libello
1222 2336 1659 2418 Λεσβῶνακτος
1689 2336 1824 2418 περὶ
1852 2333 2164 2416 σχημάτων
2185 2342 2547 2399 recensendo
2603 2408 2610 2412 ⁴
2730 2346 2756 2397 1

975 2450 997 2503 l
1053 2446 1142 2505 De
1186 2446 1404 2506 tradita
1447 2443 1634 2503 libelli
1680 2444 1877 2506 forma
2008 2487 2544 2503 ......
2725 2448 2761 2500 2

1045 2546 1079 2627 g
1136 2555 1160 2606 l
1212 2549 1301 2606 De
1351 2552 1399 2604 A
1448 2553 1508 2606 et
1550 2547 1601 2605 B
1645 2547 2094 2606 recensionibus
2217 2593 2232 2606 .
2321 2589 2337 2603 .
2428 2589 2442 2603 .
2534 2590 2545 2601 .
2727 2551 2760 2602 2

1047 2648 1079 2728 ἓ
1131 2656 1167 2707 2
1215 2652 1306 2708 De
1349 2650 1713 2711 recensionis
1758 2650 1804 2707 B
1849 2648 2412 2725 interpolationibus
2531 2691 2544 2706 .
2724 2652 2759 2704 6

1048 2751 1080 2831 ἓ
1131 2759 1166 2811 3
1212 2753 1302 2810 De
1345 2752 1710 2812 recensionis
1750 2753 1801 2811 B
1845 2753 2096 2813 testibus
2217 2796 2230 2810 .
2321 2796 2333 2808 .
2425 2794 2437 2808 .
2531 2794 2543 2808 .
2684 2754 2757 2806 13

964 2860 1000 2911 2
1047 2855 1139 2913 De
1184 2855 1484 2915 codicibus
1590 2898 2542 2915 ..........
2680 2857 2758 2909 20

762 2959 830 3016 ΙΙ
873 2951 1312 3033 Λεσβόνακτος
1356 2953 1493 3036 περὶ
1536 2952 1851 3034 σχημάτων
1896 3001 2543 3020 .......
2681 2958 2754 3010 31
3117 2981 3127 3040 Ὗ

732 3060 833 3119 III
880 3061 1348 3121 Commentarius
1378 3105 2545 3122 ............
2683 3062 2759 3115 56
3127 3057 3128 3062 ’

668 3218 673 3222 .
749 3163 834 3220 IV
882 3162 1272 3226 Quaestiones
1318 3165 1765 3240 onomatologae
1798 3206 2545 3225 ........
2681 3161 2714 3217 7
2724 3164 2757 3217 5

777 3265 968 3326 VDe
1013 3266 1280 3326 fontibus
1377 3314 1388 3325 .
1481 3314 1494 3326 .
1583 3312 1596 3327 .
1694 3313 1706 3326 .
1797 3313 1810 3327 .
1901 3316 1913 3326 .
2006 3313 2019 3327 .
2112 3314 2123 3338 ,
2215 3314 2229 3327 .
2321 3312 2335 3326 .
2426 3309 2439 3325 .
2532 3311 2544 3323 .
2680 3267 2756 3321 89

743 3369 835 3428 VI
879 3369 969 3425 De
1012 3369 1301 3454 scriptore
1373 3414 2545 3431 ............
2641 3369 2754 3424 101

711 3471 830 3531 VII
874 3470 964 3529 De
1014 3474 1269 3531 Arethae
1314 3474 1514 3532 codice
1588 3516 2545 3534 ..........
2641 3473 2758 3527 106
