3234 4950
514 314 639 386 vn
1289 316 1759 390 -109-

682 501 834 558 Nam
878 519 975 558 res
1015 498 1295 558 facillime
1341 519 1410 558 eo
1456 500 1826 573 discernitur,
1872 502 2029 579 quod
2074 500 2392 561 scholiasta
2435 501 2577 559 Ho-

515 620 674 659 mero
719 600 932 660 tribuit
990 598 1285 681 “droiysvo
1333 597 1397 659 δὲ
1440 596 1656 680 σάρκες
1673 600 1718 658 ”.
1811 603 1944 662 Hoc
2002 604 2160 661 enim
2206 603 2270 661 in
2316 604 2563 662 Homeri

402 724 415 731 ·
514 703 871 762 carminibus
915 724 1035 762 non
1075 704 1404 778 invenitur,
1464 706 1565 763 sed
1612 705 1987 771 Pindaricum
2033 706 2429 781 fragmentum
2475 713 2567 765 est

514 807 613 884 (cf.
659 806 751 885 B).
839 807 1083 866 Causam
1129 814 1344 881 autem,
1405 827 1510 867 cur
1566 807 1655 866 illi
1699 813 1912 885 poetae
1969 810 2306 885 exemplum
2353 808 2564 869 scholii

512 915 719 968 auctor
779 909 1187 984 vindicaverit,
1250 913 1420 970 docet
1478 930 1592 969 rec.
1639 914 1713 984 A,
1778 911 1879 969 ubi
1925 912 2172 970 Homeri
2218 932 2437 970 nomen
2480 913 2566 970 ita

514 1012 769 1088 positum
817 1020 923 1086 est,
981 1020 1049 1072 ut
1107 1015 1181 1073 ab
1225 1013 1467 1071 homine
1509 1013 1847 1090 neglegenti
1897 1016 1967 1072 ad
2015 1014 2351 1090 exemplum
2395 1024 2563 1074 ante-

513 1116 728 1173 cedens
796 1117 1004 1174 referri
1077 1115 1280 1192 possit.
1374 1117 1642 1175 Eundem
1702 1137 1961 1177 errorem
2022 1117 2316 1176 commisit
2374 1117 2561 1176 altero

512 1218 658 1276 loco.
750 1219 999 1278 Notavit
1056 1219 1214 1277 enim
1274 1220 1346 1277 ad
1391 1219 1740 1278 Philostrati
1790 1222 1974 1279 verba
2018 1239 2075 1295 p.
2129 1224 2266 1293 155,
2315 1224 2380 1279 5:
2443 1216 2563 1278 ἔστι

513 1341 589 1391 τι,
639 1306 688 1377 ὦ
732 1318 993 1399 βασιλεῦ,
1040 1315 1421 1395 ψευδόσοφοί
1453 1341 1513 1379 τε
1559 1319 1659 1379 καὶ
1706 1315 2038 1400 ἀγείροντες
2080 1323 2226 1381 haec
2271 1322 2355 1400 (p.
2386 1323 2561 1401 196):

515 1414 757 1501 Δώρων
830 1417 894 1481 τὸ
960 1425 1149 1499 σχῆμα
1222 1420 1400 1503 ἑνικῷ
1462 1417 1681 1500 ῥήματι
1743 1417 2087 1483 συντάσσειν
2146 1418 2560 1499 πληθυντικόν

512 1517 724 1600 ὅνυμα,
745 1518 897 1582 καθ’
922 1518 958 1583 ὃ
989 1523 1089 1584 καὶ
1109 1520 1254 1603 παρ’
1284 1519 1524 1608 Ὁμήρῳ
1544 1523 1829 1606 ιιδιοίγετο
1861 1522 1925 1585 δὲ
1956 1520 2286 1605 σάρκες”1).
2334 1526 2561 1590 Quodsi

512 1628 888 1688 scholiastam
935 1630 1396 1690 Philostrateum
1452 1631 1777 1706 exemplari
1823 1622 2207 1690 Lesbonactis
2252 1632 2326 1690 ab
2373 1635 2425 1688 A
2470 1650 2561 1689 re-

506 1733 681 1790 dacto
744 1752 913 1792 usum
976 1753 1103 1792 esse
1149 1734 1546 1809 probavimus,
1593 1733 1801 1806 etiam,
1864 1734 2157 1812 quomodo
2218 1732 2394 1792 simul
2444 1731 2561 1807 Θη-

511 1827 727 1910 βαϊκόν
771 1841 832 1895 et
866 1828 1240 1914 Πινδαρικόν
1284 1835 1578 1894 nominari
1625 1836 1818 1895 dicere
1848 1835 2127 1913 potuerit,
2173 1835 2561 1912 perspicitur:

510 1937 659 2013 legit
700 1938 892 1996 locum
940 1946 1299 2018 corruptum,
1346 1937 1579 2017 qualem
1626 1942 1683 1997 A
1728 1939 1990 2014 praebet,
2042 1944 2104 1997 et
2148 1938 2362 2023 omisit,
2407 1956 2562 2017 quae

509 2046 647 2116 post
694 2035 1006 2116 Θηβαϊκόν
1050 2043 1270 2118 scripta
1314 2047 1501 2102 erant.
1574 2042 1704 2099 Iam
1749 2042 1821 2099 de
1866 2040 2077 2100 scholii
2108 2045 2346 2100 auctore
2378 2060 2557 2120 quae·

508 2144 678 2202 ritur.
782 2144 1067 2203 Aretham
1133 2145 1567 2220 agnoscendum
1632 2162 1760 2202 esse
1833 2143 2006 2203 facile
2069 2143 2212 2201 mihi
2272 2144 2558 2218 persuasi.

510 2246 660 2303 Nam
703 2246 842 2305 huic
885 2247 1015 2306 viro
1062 2254 1233 2307 notas
1277 2248 1349 2305 ad
1380 2245 1729 2304 Philostrati
1761 2245 2144 2321 Apollonium
2191 2264 2226 2303 a
2260 2246 2561 2305 codicibus

511 2348 820 2409 deterioris
865 2349 1124 2408 familiae
1161 2349 1406 2409 traditas
1452 2347 1673 2421 deberi,
1720 2367 2057 2427 quanquam
2105 2367 2298 2428 neque
2343 2349 2561 2409 diserto

510 2452 849 2513 testimonio
894 2458 1088 2533 neque
1121 2452 1338 2537 codicis
1369 2452 1661 2528 scriptura
1683 2447 1742 2530 2)
1773 2452 2204 2528 comprobatur,
2234 2452 2367 2529 ipsa
2396 2453 2564 2512 scho-

511 2555 725 2615 liorum
770 2556 1001 2615 indoles
1044 2556 1284 2616 indicat.
1352 2555 1484 2619 Qua
1526 2556 1589 2613 in
1637 2554 1983 2635 quaestione
2028 2575 2345 2632 parumper
2374 2575 2566 2614 mora·

509 2661 634 2719 bor.
725 2659 944 2718 Eodem
994 2660 1152 2718 enim
1198 2680 1378 2732 more,
1437 2679 1554 2738 quo
1598 2659 1856 2718 Arethas
1901 2715 1930 2738 ιι
1951 2659 2269 2734 scriptores
2312 2679 2466 2732 suos,
2511 2660 2562 2744 si

513 2761 655 2840 quid
704 2762 900 2821 minus
946 2763 1156 2822 dextre
1199 2763 1558 2821 contendere
1612 2761 1976 2835 viderentur,
2036 2762 2260 2821 ironice
2308 2762 2562 2841 alloqui-

509 2868 608 2920 tur
651 2869 830 2942 atque
875 2865 1019 2921 adeo
1059 2864 1359 2923 maledicit
1373 2861 1421 2936 ”‚
1466 2863 1783 2922 scholiasta
1811 2866 1875 2921 in
1908 2864 2337 2923 Philostratum
2369 2866 2467 2924 vel
2498 2867 2561 2923 in

508 2965 895 3041 Apollonium
952 2967 1259 3026 invehitur
1322 2973 1383 3025 et
1441 2966 1646 3024 eodem
1710 2986 1871 3026 more
1913 2986 2045 3045 -quo
2089 2967 2365 3038 Arethas,
2427 2986 2561 3025 eum

649 3240 700 3303 1)
736 3240 846 3286 Non
883 3239 933 3285 in
971 3254 1029 3286 eo
1063 3240 1360 3288 offendimus
1379 3275 1392 3301 ,
1429 3240 1557 3300 quod
1597 3241 1798 3289 schema
1830 3239 2145 3287 Pindaricum
2184 3254 2315 3287 nunc
2350 3240 2562 3288 Dorium

506 3330 670 3372 vocat.
728 3326 868 3373 Haec
904 3327 1036 3372 enim
1071 3328 1368 3387 permutatio
1406 3341 1465 3373 ex
1497 3330 1602 3373 tota
1637 3326 1864 3374 doctrina
1899 3326 1961 3373 de
1985 3326 2254 3385 figurarum
2277 3326 2561 3374 nominibus

508 3412 779 3471 antiquitus
813 3414 1109 3472 pervulgata
1143 3418 1253 3459 orta
1289 3418 1391 3472 θεὶς
1429 3413 1489 3458 cf.
1524 3426 1573 3472 p.
1613 3415 1677 3461 ⁰19
1715 3426 1787 3471 sq.

647 3494 699 3560 2)
735 3498 1121 3559 Antiquissimus
1160 3497 1416 3546 deterioris
1452 3498 1665 3545 familiae
1701 3498 1858 3545 codex
1882 3504 1957 3545 est
1978 3498 2126 3544 Laur.
2156 3498 2279 3558 plut.
2305 3497 2473 3545 LXIX
2496 3499 2561 3547 33

507 3599 546 3632 s.
565 3586 655 3644 XI,
691 3598 837 3644 quem
872 3584 1085 3638 Bandini
1122 3585 1193 3630 ita
1227 3584 1487 3631 describit:
1525 3624 1552 3648 “
1567 3584 1673 3630 vita
1693 3583 1947 3644 Apollonii
1984 3597 2169 3631 conscr.
2208 3598 2239 3631 a
2261 3584 2561 3632 Philostrato

509 3676 564 3718 ut
597 3671 649 3717 in
685 3670 794 3719 cod.
833 3672 897 3719 26
935 3670 1082 3720 huius
1116 3669 1273 3731 plutei
1310 3672 1372 3734 (s.
1398 3670 1547 3732 XV);
1586 3670 1666 3716 hic
1701 3684 1894 3730 quoque
1931 3677 2193 3717 occurrunt
2216 3671 2563 3718 adnotationes

507 3757 805 3818 marginales
840 3757 902 3805 ab
939 3758 1112 3805 eadem
1146 3756 1352 3816 antiqua
1400 3771 1550 3803 manu
1585 3761 1813 3803 exaratae
1864 3761 1914 3803 et
1948 3757 2144 3816 quidem
2179 3757 2334 3803 multo
2370 3755 2562 3803 uberio-

508 3857 587 3890 res
622 3857 769 3903 quam
813 3842 866 3890 in
903 3842 1032 3890 dicto
1069 3843 1238 3890 codice
1254 3841 1294 3888 ''.
1366 3841 1511 3901 Quod
1545 3842 1697 3901 igitur
1746 3841 1811 3889 ab
1863 3842 2036 3889 eodem
2071 3841 2268 3889 homine
2302 3848 2467 3891 textus
2514 3845 2564 3890 et

509 3930 696 3977 scholia
729 3930 919 3990 scripta
953 3934 1085 3990 sunt,
1138 3943 1166 3976 e
1216 3928 1383 3977 codice
1418 3929 1527 3989 ipso
1564 3929 1754 3975 nullum
1789 3929 2004 3976 auctoris
2039 3933 2268 3976 notarum
2302 3942 2560 3988 argumen-

508 4019 612 4061 tum
646 4016 750 4076 peti
786 4021 963 4077 potest.
