3234 4950
1461 346 1885 411 -64—
2590 346 2689 406 111

806 541 864 597 p.
887 526 985 593 41,
1021 521 1053 579 7
1077 524 1151 582 A.
1198 513 1497 597 ἐκφράσει.
1539 520 1714 580 Hanc
1749 540 1954 580 vocem
1980 520 2311 596 significare
2344 520 2688 595 descriptio-

636 642 771 680 nem
811 622 1277 682 luculentissime
1317 624 1487 682 docet
1523 623 1697 682 Dion.
1733 624 1813 683 Η.
1844 633 1951 684 art.
1984 627 2134 683 reth.
2175 628 2268 696 10,
2308 622 2417 681 17:
2448 616 2688 679 κάκεῖνο

625 716 978 802 ’άμάρτημα,
1043 723 1110 782 αἱ
1153 718 1513 798 καλούμεναι
1559 720 1895 801 ἐκφράσεις,
1945 727 2239 801 πολλαχοῦ
2284 719 2387 782 τόν
2434 727 2687 800 χειμῶνα

634 820 887 905 γράφειν
946 824 1046 885 καὶ
1109 821 1357 903 λοιμούς
1416 824 1518 884 καὶ
1576 822 1785 902 λιμούς
1843 825 1944 886 καὶ
1999 822 2355 903 παρατάξεις
2412 825 2508 884 καὶ
2561 819 2686 903 άρι-

635 930 856 1003 στείας;
925 938 986 990 et
1029 931 1251 991 Theon.
1303 951 1591 1007 προγυμν.
1655 926 1742 989 ll‘
1787 932 1913 1009 (Sp.
1961 933 2071 990 Rh.
2120 932 2220 991 Gr.
2269 933 2330 988 Π
2381 933 2546 1004 118).
2616 933 2687 988 cf.

636 1040 944 1107 praeterea
998 1033 1318 1092 Callistrati
1382 1026 1716 1109 ἐκφράσεις.
1805 1035 1924 1093 Hic
1981 1040 2175 1093 autem
2239 1053 2443 1092 sensus
2488 1053 2522 1090 a
2565 1040 2691 1091 tota

636 1135 1150 1210 argumentatione
1194 1135 1487 1194 dissentit.

804 1260 863 1314 p.
909 1243 1006 1311 42,
1064 1240 1306 1296 17—22
1352 1248 1423 1310 A,
1476 1260 1533 1316 Ρ.
1582 1245 1682 1313 43,
1732 1244 1936 1299 8-12
1986 1242 2052 1299 Β.
2143 1239 2308 1304 Quae
2360 1242 2431 1298 de
2481 1241 2685 1297 Ionum

637 1342 735 1415 fig.
783 1341 1056 1416 exposita
1100 1350 1255 1412 sunt,
1301 1361 1542 1416 magnas
1588 1343 1970 1401 difficultates
2014 1349 2244 1418 parant.
2313 1341 2484 1405 Quod
2532 1342 2686 1398 enim

637 1447 711 1501 ab
757 1447 813 1501 A
859 1443 1113 1502 traditur
1155 1443 1291 1501 illos
1324 1447 1517 1503 dicere
1551 1440 1954 1523 ιἐξερχόμενος
1986 1441 2171 1503 ἔδωκέ
2203 1443 2330 1518 μοι’
2363 1465 2470 1519 pro
2506 1441 2687 1522 ιἐξερ-

639 1542 866 1626 χομένῳ
912 1542 1098 1604 ἔδωκέ
1142 1544 1275 1620 μοι’
1321 1548 1445 1621 (ita,
1494 1555 1560 1606 ut
1585 1549 1991 1606 nominativus
2022 1550 2375 1606 antecedens
2403 1549 2465 1605 in
2499 1547 2689 1605 locum

639 1648 826 1708 dativi
884 1647 1094 1726 cedat),
1155 1649 1332 1707 etiam
1381 1651 1649 1708 ,Atticam
1709 1650 1954 1726 figuram
2022 1652 2160 1709 oriri
2224 1650 2293 1732 τῇ
2366 1646 2690 1728 ἔπιφορικῇ

641 1745 858 1828 φράσει
922 1750 1508 1828 προσυνταττομὲνης
1573 1747 1772 1828 ὀρθῆς
1833 1747 2110 1821 πτώσεως
2174 1744 2302 1810 άντὶ
2365 1754 2603 1829 γενικῆς
2649 1743 2691 1824 ἦ

638 1853 879 1929 δοτικῆς
923 1854 1005 1932 (Ρ.
1040 1859 1137 1925 41,
1173 1860 1336 1911 6-9
1374 1854 1448 1930 Α)
1496 1855 1827 1915 audivimus
1876 1874 2070 1935 neque
2116 1858 2433 1934 quidquam
2476 1856 2688 1912 Ionum

637 1958 828 2033 figura
872 1958 944 2014 ab
975 1958 1178 2016 Attica
1224 1959 1395 2015 modo
1443 1964 1645 2017 notata
1672 1959 1956 2017 differret.
2017 1959 2402 2018 Recensionis
2432 1957 2479 2014 Β
2510 1964 2691 2014 testes

641 2060 799 2119 inter
845 2080 907 2118 se
954 2061 1327 2120 dissentiunt.
1415 2061 1563 2118 Nam
1614 2063 1825 2119 Ionum
1871 2070 1961 2120 est

811 2163 1131 2221 secundum
1176 2163 1226 2220 L
1271 2157 1336 2219 τὸ
1383 2157 1718 2239 πλαγιάζειν
1764 2159 1859 2221 ἐπὶ
1907 2155 2010 2231 τάς
2054 2158 2297 2231 εὐθείας

947 2310 981 2338 ,,
1177 2265 1224 2322 Ο
1292 2310 1327 2339 ,,
1503 2313 1535 2338 ,,
1754 2262 1847 2323 ἐπὶ
1897 2269 2024 2333 ταῖς
2068 2257 2333 2333 εὐθείαις

947 2412 980 2440 ,,
1175 2370 1212 2425 b
1286 2414 1318 2439 ,‚
1494 2413 1528 2440 ,‚
1746 2360 1853 2436 τοὶς
1898 2358 2154 2436 εὐθείας.

641 2466 1035 2550 ,πλαγιάζειῶ
1111 2470 1421 2529 transitive
1481 2472 1734 2546 proferri
1794 2472 1945 2530 solet
2005 2491 2179 2530 sensu
2246 2472 2305 2528 in
2370 2472 2692 2549 obliquum,

642 2583 1044 2632 transversum
1088 2574 1386 2632 flectendi.
1477 2575 1691 2653 Itaque
1739 2576 1798 2631 in
1846 2576 2022 2633 rebus
2068 2575 2465 2648 grammaticis
2510 2575 2692 2647 signi-

643 2676 781 2733 ficat
813 2696 1012 2753 ‘casus
1050 2684 1242 2734 rectos
1279 2677 1339 2732 in
1383 2677 1656 2755 obliquos
1696 2675 2085 2748 convertere',
2122 2676 2216 2735 vel
2249 2678 2520 2754 ‘verbum
2556 2696 2690 2734 casu

643 2777 884 2856 obliquo
931 2778 1195 2854 proferre
1215 2776 1247 2848 '‚
1312 2779 1383 2835 cf.
1433 2779 1612 2837 schol.
1660 2799 1776 2837 rec.
1823 2780 2004 2855 Soph.
2051 2780 2137 2838 El.
2189 2781 2343 2837 367:
2391 2774 2454 2834 τὸ
2503 2772 2690 2857 ,ἐξόν

644 2924 658 2938 .
695 2926 710 2940 .
743 2926 758 2939 .
792 2925 806 2939 .
837 2876 939 2937 καὶ
986 2873 1095 2938 ὅσα
1160 2872 1300 2936 ἄλλα
1349 2874 1627 2958 οὐδέτερα
1674 2876 1967 2957 μετοχικά,
2015 2874 2295 2939 οὐδέποτε
2341 2879 2402 2938 οἷ
2434 2875 2692 2938 Ἀττικοὶ

645 2977 1084 3059 πλαγιάζουσιν,
1133 2977 1229 3040 ὅτε
1274 2976 1642 3060 πλαγιασμὸν
1688 2977 1956 3054 σύνταξις
2002 2976 2251 3042 άπαιτεῖ.
2305 2986 2522 3043 Nostro
2569 2986 2694 3043 loco

645 3077 1045 3163 ,πλαγιάζειν
1093 3087 1165 3143 ab
1211 3088 1258 3144 L
1307 3093 1365 3145 et
1411 3087 1458 3143 O
1524 3088 1792 3146 absolute
1853 3088 2107 3164 positum
2174 3106 2300 3144 esse
2362 3107 2467 3162 pro
2525 3106 2691 3165 ‘casu

644 3190 888 3268 obliquo
934 3186 1053 3247 uti’
1101 3187 1450 3248 sumendum
1502 3196 1674 3261 esset,
1722 3198 1788 3248 ut
1827 3191 1970 3247 haec
2001 3189 2335 3248 efficeretur
2366 3190 2692 3248 sententia:

642 3291 820 3349 Iones
865 3310 1033 3349 casus
1079 3292 1352 3368 obliquos
1396 3292 1676 3350 adferunt
1719 3293 1789 3349 ad
1835 3299 2029 3351 rectos
2073 3291 2171 3350 vel
2216 3312 2383 3350 casus
2423 3291 2695 3369 obliquos

643 3394 956 3468 proferunt
1015 3395 1184 3451 iuxta
1240 3406 1450 3453 rectos,
1543 3393 1707 3457 Quae
1752 3397 1936 3453 verba
1978 3379 2096 3453 non
2145 3396 2437 3474 quadrant
2482 3396 2541 3451 in
2593 3415 2692 3452 ex-

645 3497 901 3572 emplum
947 3516 981 3553 a
1025 3497 1072 3553 B
1119 3505 1413 3555 servatum
1483 3494 1892 3576 ιἔξερχομένου
1954 3492 2139 3554 ἔδωκέ
2183 3494 2331 3570 μοι’,
2396 3498 2493 3554 sed
2554 3515 2694 3574 qua-

645 3602 815 3658 drare
874 3600 1063 3657 videri
1125 3609 1375 3674 possunt
1433 3602 1493 3657 in
1552 3600 1889 3674 exemplum
1936 3600 2007 3657 ab
2054 3603 2106 3656 A
2154 3599 2391 3657 allatum
2441 3593 2694 3676 ιἐξερχό-

646 3721 821 3776 μενος
865 3698 1052 3759 ἕὸωκέ
1097 3694 1249 3775 μοι’.
1341 3707 1425 3761 At
1486 3724 1559 3760 ne
1615 3702 1993 3778 decipiamur.
2082 3703 2279 3761 Verba
2323 3703 2481 3759 enim
2528 3704 2600 3757 ab
2651 3702 2695 3757 L

647 3810 708 3861 et
753 3804 801 3861 O
850 3804 1066 3862 tradita
1110 3824 1224 3862 non
1274 3805 1446 3864 aliter
1491 3804 1758 3879 intellegi
1805 3810 2054 3881 possunt
2114 3823 2286 3883 quam
2333 3806 2448 3862 hoc
2492 3806 2696 3861 modo:

646 3924 813 3964 casus
889 3907 1160 3983 obliquos
1221 3927 1379 3966 more
1441 3908 1682 3967 insolito
1745 3915 1880 3982 post
1944 3907 2343 3990 nominativos
2408 3907 2695 3977 adhiberi,

647 4009 704 4065 id
774 4011 929 4085 quod
994 4011 1322 4067 sententiae
1368 4011 1687 4068 redactoris
1737 4019 1805 4078 A,
1853 4029 2023 4088 quam
2076 4028 2230 4065 nuno
2276 4010 2542 4083 legimus‘,
2609 4028 2695 4065 re-
