3234 4950
1474 305 1858 370 ..6—
2628 306 2702 376 11

1107 481 1157 535 A
2176 478 2226 535 Β

643 570 781 636 ἅλλο
806 579 998 654 σχῆμα
1025 572 1148 638 ἀπὸ
1179 578 1485 652 Βοιωτίας,
1510 573 1546 638 ὃ
1569 573 1645 656 δή

642 677 740 739 καὶ
793 675 1165 763 Πινδαρικόν
1207 678 1447 761 λέγεται.

927 818 1010 829 -
1104 818 1173 827 --
1273 819 1352 829 ——
1780 777 1997 843 Ἰώνων
2043 786 2158 842 τῶν
2203 779 2301 843 ἐπὶ
2350 783 2596 862 Καρίας.

728 876 988 945 Ἰωνικόν
1030 882 1131 945 καὶ
1179 880 1435 960 Δῶριον.
1779 878 2043 946 ’[ωνικὸν
2086 882 2188 945 καὶ
2239 880 2495 964 Δώριον.

700 978 996 1066 ’Δῶριον,
1029 982 1275 1065 μάλιστα
1298 991 1414 1048 τῶν
1438 986 1501 1048 ἐν
1527 990 1641 1047 Πε-
1792 990 1925 1048 Τῶν
1992 984 2056 1047 δὲ
2124 985 2187 1047 ἐν
2258 982 2698 1070 Πελοποννήσῳ

643 1083 992 1174 λοποννήσῳ
1040 1088 1338 1170 Δωριέων.
1701 1088 1986 1168 Δωριέων
2033 1088 2206 1150 ἐστίν.

932 1227 1016 1237 -
1103 1227 1188 1240 —
1272 1229 1357 1239 —
1786 1191 2069 1271 Δωριέων
2126 1194 2246 1252 τῶν
2313 1185 2401 1252 ἐπ’
2458 1184 2700 1263 Ἰταλίας

1698 1293 1834 1356 ἔστί.

725 1387 1003 1456 Ἀττικόν.
1786 1395 1908 1457 Καὶ
1953 1401 2130 1458 τοῦτο
2177 1394 2241 1459 δὲ
2271 1400 2390 1458 τῶν
2417 1389 2699 1457 Ἀττικῶν

1697 1499 1833 1562 ἐστι.

1783 1605 2106 1683 (Secuntur
2164 1605 2227 1663 in
2294 1606 2342 1663 B
2400 1605 2697 1681 Κυμαῖον,

1702 1702 2031 1784 Θηβαϊκόν,
2074 1698 2462 1786 Ἀργολικόν.)

710 1800 886 1866 ’Ἄλλο
930 1801 1214 1867 Ἀττικόν.
1783 1810 1816 1888 5
1861 1802 2142 1870 Ἀττικόν.
2190 1810 2223 1890 5

730 1904 1184 1990 Περιηγητικόν.
1790 1906 2242 1992 Περιηγητικόν.

929 2046 1008 2057 -
1097 2049 1181 2058 -——
1269 2048 1351 2058 --
1792 2008 2180 2094 Τυρσηνικόν.

927 2151 1012 2161 -
1100 2151 1184 2160 --
1270 2152 1352 2161 -
1785 2117 2062 2194 Λεσβίων
2091 2114 2193 2177 καὶ
2221 2116 2527 2176 Θετταλῶν
2557 2111 2696 2174 ἔστι.

739 2219 872 2277 Τῶν
912 2211 1192 2278 Ἀττικῶν
1235 2216 1372 2279 ἐστι.
1983 2255 2066 2265 --
2153 2254 2237 2264 -
2322 2254 2407 2263 -

713 2313 889 2399 ”Allo
937 2324 1175 2393 πολλοῖς
1220 2319 1542 2401 εἰρημένον.
1786 2322 1819 2403 5
1865 2314 2129 2382 Ἀττικόν
2172 2327 2234 2382 et
2281 2324 2534 2398 Δωριεῖς
2579 2320 2612 2400 5

714 2414 983 2499 ῘΡόὸιον.
1685 2462 1688 2465 >
1778 2418 2102 2486 Ῥοδιακόν.

726 2518 1015 2588 Ἀσιανόν.
1780 2522 2074 2588 Ἀσιανόν.

728 2631 965 2691 Nomen
1011 2631 1314 2691 omissum.
1785 2631 1818 2711 5
1858 2623 2213 2710 Ἀργολικόν.
2261 2631 2294 2709 5

1608 2802 1745 2882 §2-

995 2927 1095 2982 De
1137 2925 1551 2982 recensionis
1594 2928 1650 2982 Β
1693 2925 2351 2996 interpolationibus.

816 3041 982 3107 Quae
1027 3042 1334 3122 hucusque
1382 3042 1833 3119 disputavimuS,
1878 3044 2262 3122 pertinebant
2307 3044 2379 3102 ad
2414 3062 2501 3117 ea,
2547 3061 2698 3122 quae

644 3166 677 3206 e
722 3145 1019 3205 communi
1075 3146 1398 3223 archetypo
1445 3152 1681 3206 servata
1725 3154 1922 3220 erant3
1982 3167 2141 3207 nunc
2195 3147 2373 3206 venio
2431 3147 2504 3205 ad
2563 3166 2698 3223 pro-

643 3249 838 3326 prium
870 3248 1163 3327 quoddam
1194 3248 1558 3308 recensionis
1588 3250 1656 3322 B,
1703 3251 1860 3329 quod
1903 3269 1939 3308 a
1981 3250 2367 3310 Lesbonactis
2413 3248 2695 3325 opusculo

643 3352 962 3413 abhorrere
1005 3351 1221 3410 iudico.
1309 3353 1385 3410 In
1439 3353 1786 3412 recensione
1845 3354 2002 3412 enim
2048 3355 2096 3412 B
2141 3374 2261 3413 non
2308 3353 2496 3413 solum
2542 3351 2697 3409 The-

646 3456 831 3514 banee
876 3452 1275 3533 (Pindaricae)
1321 3454 1545 3530 figurae
1591 3475 1766 3514 unam
1800 3456 2045 3516 formam
2092 3457 2269 3516 etiam
2306 3447 2696 3533 ἕτεράριθμον

644 3557 1009 3617 nominatam
1046 3556 1373 3636 reperimus
1403 3557 1486 3633 (p.
1520 3561 1622 3630 45,
1647 3561 1686 3616 4
1731 3551 1948 3616 τούτου
1992 3559 2099 3616 τοῦ
2143 3551 2438 3635 σχήματος
2481 3554 2583 3616 καὶ
2626 3551 2693 3616 τό

644 3661 771 3728 τοῖς
815 3650 1149 3736 οὐδετέροις
1177 3661 1611 3736 πληθυντικοῖς
1654 3653 1945 3737 ὀνόμασιν
1974 3654 2141 3720 ἑνικά
2172 3653 2406 3741 ῥήματα
2437 3653 2693 3738 ἐπάγειν.

644 3754 681 3821 ὃ
713 3757 815 3820 καὶ
859 3756 1083 3839 λέγεται
1124 3754 1532 3840 ἓτεράριθμον.
1581 3754 1713 3822 οἷον
1744 3756 1848 3847 (τοὶ
1880 3756 2152 3842 πρόβατα
2181 3755 2490 3840 βόσκεται’
2528 3766 2694 3840 κτλ.),

644 3867 745 3926 sed
792 3865 971 3927 etiam
1014 3865 1076 3923 in
1124 3866 1243 3925 fine
1273 3865 1463 3925 libelli
1497 3871 1781 3945 quattuor
1808 3887 1993 3927 novas
2023 3867 2244 3943 figuras
2274 3868 2517 3939 additas,
2551 3846 2697 3945 quass

643 3989 772 4030 rum
819 3968 1049 4029 indoles
1093 3971 1166 4030 ab
1212 3970 1700 4031 antecedentibus
1745 3970 1920 4047 plane
1965 3969 2270 4030 dissentit:
2329 3962 2694 4048 ἐπεξήγησις,
