3234 4950
1449 352 1878 417 —16—
2636 353 2702 423 I1

640 528 784 588 tiani
830 547 1045 587 nomen
1087 527 1417 602 praefixum
1458 522 1698 585 ἐθνικαὶ
1730 519 2026 584 διάλεκτοι
2055 545 2176 584 non
2216 526 2540 599 genuinum
2572 545 2700 584 esse

640 632 778 689 inde
822 630 1057 704 colligo,
1121 632 1278 708 quod
1343 649 1464 688 non
1526 631 1598 688 ad
1647 631 1890 689 nomina
1933 648 1968 686 a
2011 628 2400 705 scriptoribus
2442 627 2700 704 repetita

641 735 892 812 quadrat
954 724 1387 810 (Ἀλκμανικόν,
1437 726 1753 807 Ἰβύκειον,
1817 723 2207 809 Πινδαρικόν,
2264 725 2697 810 Περιηγητικόν

643 836 876 913 σχῆμα).
970 834 1349 910 Excogitavit
1407 836 1566 894 hunc
1611 835 1849 894 titulum
1894 836 2168 894 redactor
2215 835 2263 892 B
2309 841 2367 893 et
2413 834 2696 910 scriptum

641 939 788 1014 legit
829 941 888 998 b.
980 937 1092 1000 Qui
1144 958 1274 996 cum
1319 957 1515 1016 neque
1560 938 1719 996 hunc
1763 956 1958 1017 neque
2002 937 2168 996 illum
2215 938 2393 1013 plane
2439 943 2700 1013 praeter-

644 1041 880 1100 mittere
925 1041 1124 1113 vellet,
1171 1039 1609 1114 conglutinasse
1657 1045 1718 1099 et
1747 1060 1853 1099 suo
1885 1039 2147 1116 periculo
2180 1060 2398 1099 novum
2431 1040 2698 1098 effecisse

646 1145 904 1206 videtur.

814 1248 1006 1306 Etiam
1069 1246 1132 1305 in
1178 1245 1624 1306 Corinthiorum
1683 1246 1779 1320 fig.
1826 1247 1948 1309 red.
1996 1247 2033 1303 b
2090 1245 2451 1305 recensionis
2496 1248 2552 1303 A
2596 1265 2698 1305 ve·

642 1350 820 1424 stigia
864 1349 1147 1425 pressisse
1194 1349 1501 1424 probabile
1547 1353 1655 1408 est.
1722 1348 1911 1412 Quam
1957 1348 2206 1422 figuram
2250 1354 2565 1426 postquam
2595 1347 2697 1406 iis-

645 1454 774 1512 dem
821 1452 1021 1512 verbis
1066 1457 1126 1511 et
1171 1453 1462 1528 exemplis
1527 1471 1678 1531 quae
1725 1452 1785 1508 in
1820 1453 1994 1510 Laur.
2040 1450 2319 1525 leguntur
2355 1450 2696 1522 illustravit,

643 1557 861 1614 iterum
904 1556 990 1614 ita
1034 1554 1313 1631 explicat,
1359 1560 1426 1612 ut
1470 1575 1598 1614 cum
1647 1561 1704 1612 A
1748 1553 2097 1612 consentiat.

930 1708 1076 1754 Laur.
1573 1721 1669 1754 rec.
1707 1706 1740 1752 b
2240 1719 2338 1754 rec.
2377 1705 2420 1750 A

714 1790 782 1857 (p.
811 1796 895 1853 34,
921 1791 973 1856 6)
1029 1789 1095 1841 Οἱ
1138 1789 1360 1852 Κορίν-
1482 1813 1550 1832 =
1587 1792 1735 1839 Laur.
2047 1787 2456 1853 Κορίνῇιον,
2513 1785 2588 1849 ὥς
2637 1787 2694 1842 -τό

645 1877 790 1928 Stoi.
846 1873 902 1928 τὸ
967 1875 1104 1941 ,i'va'
1164 1873 1253 1926 καὶ
1301 1871 1357 1927 τὸ
1981 1868 2168 1939 „Sume
2207 1872 2352 1926 ἔσται
2384 1873 2509 1928 τάδε
2535 1873 2657 1940 ἔργα
2674 1877 2699 1898 ”

644 1953 766 2026 «ἄν’
804 1960 893 2013 καὶ
939 1958 997 2014 τὸ
1037 1953 1234 2026 ‘girum'
1268 1954 1362 2027 οὐχ
1980 1961 2043 2024 (Β
2082 1960 2220 2023 252).
2273 1958 2360 2011 καὶ
2412 1958 2534 2025 ι(ἵνα
2571 1960 2698 2012 εἴδο-

647 2043 1000 2104 &iterant-ocos:
1026 2044 1363 2097 συντάσσουσι
1482 2045 1702 2114 (ῥήμασι
1717 2042 1926 2097 συντάσ-
1983 2063 2067 2109 μεν
2093 2039 2254 2110 ἄμφω
2273 2046 2299 2067 ”
2333 2045 2400 2112 (A
2425 2049 2558 2107 363).
2600 2041 2697 2109 ὁρι-

647 2127 860 2196 ῥτῖμασι,
909 2125 1031 2183 ἀλλ’
1072 2128 1362 2196 ὁριστικοῖς,
1418 2134 1582 2197 σουσι)
1984 2136 2174 2189 στικοίς
2198 2130 2295 2195 γὰρ
2332 2130 2549 2198 χρῶνται
2572 2126 2697 2182 ἄνθ’

647 2213 721 2275 (ὃς
768 2213 825 2268 τὸ
878 2214 1003 2280 “ilva
1037 2211 1171 2281 μήτ’
1207 2211 1365 2274 αὐτὸς
1982 2211 2344 2274 tinorum-mdiv,
2386 2211 2459 2273 uic
2481 2213 2537 2266 τὸ
2567 2213 2696 2279 „o‘zt-

646 2295 830 2368 dicpimv
866 2299 1084 2366 πονηρὸς
1127 2300 1262 2366 μήτε
1299 2298 1363 2352 σὺ
1486 2297 1747 2371 &ephsi-qv)
1978 2296 2106 2353 πότ’
2129 2294 2188 2353 ἄν
2224 2297 2407 2368 ἡβήσῃ
2434 2316 2489 2351 τε
2514 2300 2600 2351 καὶ
2631 2292 2698 2365 ἧς

646 2385 842 2454 ἐφάνης
891 2382 1222 2451 εὖδόκιμος”.
1277 2385 1367 2438 καὶ
1981 2385 2231 2451 ἱμείρεται
2296 2386 2455 2451 αἴης”
2505 2387 2558 2452 (α
2594 2390 2696 2452 41).

632 2466 874 2539 ’Όμηρος
959 2470 1081 2537 “552oe
1164 2472 1363 2537 εἴδομεν

646 2551 807 2623 ἄμφω
825 2559 851 2581 ”
886 2560 951 2620 (A
980 2559 1099 2623 363)
1127 2560 1215 2609 καὶ
1240 2601 1266 2623 u
1287 2553 1360 2622 μὴ

645 2643 786 2708 ἴομεν
812 2644 1051 2696 Δαναοῖσι
1085 2638 1364 2727 μαχ<ησ>ό·

649 2744 788 2793 μενοι
805 2729 834 2752 ”
868 2730 939 2794 (Μ
966 2734 1088 2790 216)
1122 2728 1211 2780 καὶ
1237 2771 1266 2793 u
1283 2728 1364 2780 ἵνα
1486 2730 1606 2797 ,ιῗνα
1633 2730 1793 2784 εἴδετε
1809 2724 1929 2781 ποίν-

649 2814 811 2865 εῗδετε
835 2811 1017 2872 πάντες
1052 2814 1117 2879 (Θ
1161 2812 1257 2881 18).
1416 2818 1551 2875 τες”.
1656 2810 1931 2881 ὁριστικοῖς

1416 2900 1514 2967 γὰρ
1565 2901 1785 2969 χρῶνται
1819 2895 1930 2953 ἀντὶ

1389 2949 1394 3049 Ι
1418 2983 1780 3039 minorant-acciit.

820 3110 1042 3168 Eadem
1104 3109 1194 3167 bis
1256 3109 1576 3194 explanare
1623 3109 1890 3188 ineptum
1953 3114 2014 3168 et
2057 3128 2091 3167 a
2134 3110 2255 3169 red.
2302 3111 2341 3167 B
2388 3118 2699 3171 consuetu·

649 3212 786 3269 dine
846 3212 1102 3269 alienum
1166 3219 1288 3281 est3
1348 3231 1556 3272 verum
1617 3215 1655 3271 b
1719 3214 1907 3287 legem
1970 3213 2305 3287 generalem
2365 3232 2441 3270 ex
2487 3218 2543 3273 A
2602 3217 2698 3272 de-

649 3320 982 3389 promptam
1039 3319 1355 3372 annectere
1400 3316 1791 3375 necessarium
1838 3321 2078 3390 putasse
2122 3315 2371 3387 videtur,
2434 3336 2564 3374 cum
2609 3334 2699 3373 re-

651 3416 847 3490 gulam
893 3437 928 3474 a
973 3417 1018 3472 B
1064 3415 1430 3491 propositam
1494 3437 1612 3476 non
1674 3418 1749 3476 ad
1796 3418 1875 3473 M
1915 3421 2038 3475 216
2099 3417 2397 3493 pertinere
2453 3418 2699 3477 videret.

821 3519 1032 3577 Adicio
1079 3518 1335 3597 denique
1379 3519 1603 3593 locum,
1665 3539 1783 3597 quo
1840 3540 1979 3578 num
2025 3520 2288 3579 recensio
2335 3522 2391 3577 A
2436 3520 2703 3579 adhibita

650 3622 729 3682 sit
771 3621 1080 3679 diiudicari
1125 3622 1366 3699 nequit,
1428 3622 1499 3679 de
1561 3621 1752 3696 figura
1811 3622 2089 3681 Euboica.
2175 3622 2353 3681 Cuius
2407 3622 2699 3698 duplicem

648 3724 936 3783 rationem
1002 3727 1236 3782 exstare
1297 3724 1546 3800 exponit
1608 3725 1673 3796 B,
1742 3744 1872 3783 cum
1932 3725 2109 3784 unius
2169 3729 2399 3784 tantum
2463 3726 2585 3787 red.
2648 3730 2700 3783 A

651 3826 1012 3884 mentionem
1057 3825 1252 3885 faciat.
1343 3830 1542 3906 Atque
1587 3826 1766 3902 prior,
1814 3847 1991 3907 quam
2024 3829 2069 3884 B
2103 3833 2405 3901 memorat,
2452 3832 2503 3886 A
2536 3847 2700 3905 prae—

649 3928 807 3999 terit,
853 3946 922 3984 eo
969 3928 1255 4001 consistit,
1320 3929 1475 4007 quod
1523 3928 1912 3989 substantivis
1953 3928 2228 3988 feminini
2274 3931 2509 4005 generis
2553 3951 2702 3989 mas-

651 4030 850 4091 culina
908 4031 1174 4108 epitheta
1229 4038 1635 4106 conectuntur,
1694 4033 1897 4106 altera,
1964 4033 2122 4111 quod
2183 4053 2314 4091 cum
2366 4033 2703 4092 nominibus
