3234 4950
1472 366 1555 377 -
1644 321 1728 395 62
1814 367 1896 376 —
2600 328 2703 393 111

648 520 755 577 pro
786 493 977 578 ἥρωες
1021 503 1341 561 scriberet:
1388 494 1541 579 πρὸς
1569 494 1676 571 τοὶς
1706 500 2041 580 συνωρίδας
2077 494 2174 572 αἷς
2209 500 2459 578 ἐχρῶντο
2507 504 2702 580 Τρῶες

647 595 712 661 ‘cd
761 596 989 662 δυϊκόν.

819 727 874 782 p.
899 712 996 780 39,
1022 713 1095 766 10
1119 709 1187 766 L.
1235 709 1513 783 χρᾶσθαι.
1536 710 1876 768 Promiscue
1897 709 1945 766 L
1964 709 2226 785 χρᾶσθαι
2247 716 2306 766 et
2322 708 2580 783 χρῆσθαι
2598 727 2699 767 ex-

647 810 850 868 hibet:
893 811 1153 887 χρᾶσθαι
1197 832 1253 886 p.
1302 816 1400 883 41,
1450 819 1500 869 l.
1549 816 1649 884 42,
1701 807 1819 891 ls2.
1871 817 1967 883 50,
2021 816 2115 870 16.
2165 816 2261 884 53,
2315 812 2388 868 17
2441 813 2702 886 χρῆσθαι

645 932 703 986 p.
749 912 848 985 47,
910 918 1002 972 13.
1054 918 1152 989 53,
1191 918 1248 971 4.
1297 918 1394 985 54,
1430 915 1486 972 7.
1577 912 1707 976 Qua
1771 914 1830 970 in
1894 935 1957 972 re
2017 934 2134 971 non
2203 914 2459 971 offendo,
2551 914 2697 970 Nam

648 1013 998 1089 scripturam
1043 1016 1208 1074 vocis
1250 1017 1511 1090 χρῆσθαι
1567 1036 1677 1092 per
1722 1020 1762 1072 ἁ·
1824 1036 1954 1075 cum
2018 1018 2290 1090 ingressu
2336 1016 2698 1074 Macedonici

646 1118 776 1176 aevi
836 1118 1262 1196 “scaturiginis
1322 1119 1509 1178 instar
1569 1120 1669 1178 hic
1711 1119 1795 1176 ibi
1842 1118 2141 1178 emicare”
2198 1119 2402 1178 docuit
2460 1119 2699 1176 Lobeck

646 1221 870 1296 Phryn.
902 1241 959 1297 p.
996 1226 1094 1293 61,
1130 1220 1201 1278 cf.
1238 1221 1659 1296 Dittenberger
1691 1222 1729 1280 8
1758 1223 1793 1278 J
1832 1242 1920 1281 nr.
1960 1226 2077 1280 126
2100 1240 2164 1286 50
2210 1241 2362 1281 saec.
2393 1222 2530 1279 IVa.
2565 1221 2697 1279 Chr.

645 1342 762 1394 ex„
806 1342 894 1381 nr.
933 1323 1135 1386 17019
1183 1321 1332 1382 saec.
1376 1323 1479 1381 ΙΙΙ
1524 1344 1574 1382 a.
1621 1325 1757 1385 Chr.
1803 1326 1953 1384 med.
2070 1326 2278 1402 Neque
2336 1323 2700 1383 recensionis

645 1431 978 1497 auctorem,
1043 1446 1216 1504 quem
1277 1427 1604 1501 posteriore
1665 1433 1933 1502 tempore
1994 1428 2216 1486 vixisse
2280 1426 2698 1498 demonstravi,

647 1528 818 1585 modo
865 1528 975 1587 hac
1019 1530 1192 1587 modo
1237 1528 1341 1585 illa
1384 1529 1551 1586 verbi
1596 1529 1787 1587 forma
1818 1550 1986 1587 usum
2040 1548 2168 1587 esse
2200 1530 2412 1588 mirum
2443 1530 2697 1588 videtur.

645 1630 888 1709 Reliqui
920 1637 1113 1689 autem
1139 1631 1186 1688 Β
1219 1639 1417 1702 testeS,
1451 1631 1550 1708 qui
1582 1631 1846 1707 χρᾶσθαι
1875 1631 2158 1705 ignorant
2186 1630 2249 1708 (b
2281 1631 2498 1690 infinit.
2521 1652 2574 1706 p.
2600 1636 2697 1701 42,

652 1730 769 1814 1l2,
814 1732 1061 1812 reliquis
1105 1734 1144 1791 l.
1190 1734 1468 1810 χρῶνται)
1516 1734 1562 1791 L
1608 1734 1960 1793 auctoritate
2007 1755 2126 1793 non
2172 1734 2578 1813 aequiperant.

815 1857 871 1912 p.
892 1842 989 1909 39,
1025 1834 1204 1915 15s16
1229 1842 1300 1895 A.
1332 1832 1430 1894 ἐπὶ
1456 1830 1787 1911 αἰτιατικὴν
1807 1832 2080 1912 ἐκφέρειν
2100 1837 2398 1911 significat
2422 1856 2579 1915 ‘cum
2607 1856 2698 1895 ac·

648 1940 913 1998 cusativo
948 1937 1331 2014 coniungere’
1365 1941 1532 1998 velut
1574 1940 1638 1996 in
1669 1941 2041 1999 antecedenti
2073 1939 2265 2013 figura
2294 1941 2377 2015 (p.
2416 1943 2514 2010 39,
2554 1945 2578 1994 l
2616 1938 2697 2014 A)

646 2048 807 2101 recte
852 2042 1071 2116 legitur
1116 2035 1259 2098 ἀλλὰ
1305 2038 1403 2098 καὶ
1452 2034 1520 2097 τοὶ
1567 2035 1803 2116 ῥήματα
1856 2035 1894 2097 ἃ
1938 2044 2139 2122 γενικῇ
2186 2036 2400 2099 πτώσει
2447 2033 2695 2097 συντάσ·

645 2159 820 2215 σεται,
895 2140 1248 2218 ἐκφέρουσιν
1296 2140 1391 2201 ἐπὶ
1439 2137 1787 2218 αἰτιατικὴν.
1890 2144 2284 2204 Confirmatur
2328 2144 2473 2202 haec
2519 2144 2697 2203 dictio

652 2246 852 2306 multis
896 2247 1042 2305 locis
1085 2248 1286 2323 Apoll.
1333 2248 1528 2324 Dyso.,
1577 2248 1680 2326 qui
1728 2242 2053 2326 ιφέρεσθαι
2099 2242 2194 2304 ἐπὶ
2242 2266 2290 2304 c.
2326 2244 2475 2305 acc.’
2525 2266 2698 2303 sensu

647 2350 1022 2408 construendi
1072 2370 1200 2408 cum
1247 2351 1446 2429 aliquo
1494 2370 1633 2409 casu
1677 2369 1960 2426 usurpare
2007 2351 2191 2408 solet:
2242 2351 2315 2408 cf.
2363 2350 2437 2407 de
2483 2355 2698 2408 constr.

648 2473 703 2529 p.
741 2457 882 2526 286,
924 2453 1014 2526 17,
1043 2457 1141 2525 23,
1169 2458 1267 2512 26.
1318 2454 1458 2527 287,
1493 2458 1588 2526 15,
1618 2458 1716 2512 26.
1766 2457 1906 2523 288,
1932 2457 1985 2525 3,
2020 2457 2117 2511 20.
2142 2455 2516 2524 290,11etc.
2586 2452 2697 2509 Sed

646 2563 846 2614 noster
862 2556 1114 2632 scriptor
1129 2558 1370 2614 nomina
1388 2577 1526 2616 casu
1545 2557 1879 2616 accusativo
1899 2556 2151 2634 proferri
2171 2574 2470 2631 exponere
2487 2555 2697 2613 voluit.

816 2679 875 2733 p.
909 2662 1006 2730 40,
1043 2662 1242 2716 6--11
1297 2664 1349 2717 A
1389 2661 1472 2717 ita
1501 2660 1946 2735 interpretanda
1976 2666 2144 2717 sunt:
2192 2658 2490 2716 Homerus
2518 2660 2700 2716 verba

645 2761 730 2819 ita
762 2769 1103 2819 construere
1137 2764 1356 2832 debuit,
1403 2768 1471 2821 ut
1508 2782 1721 2820 nomen
1754 2782 1862 2838 pro
1895 2763 2186 2821 adiectivo
2217 2768 2468 2836 poneret
2511 2759 2700 2836 (velut

645 2863 706 2920 in
732 2863 1006 2939 exemplo
1028 2866 1200 2922 modo
1221 2865 1399 2923 allato
1422 2858 1707 2943 ‘J'Eillnva
1726 2858 1977 2940 στρατόν
1993 2862 2022 2890 '⁷
2043 2856 2172 2921 ἀντὶ
2197 2865 2300 2921 τοῦ
2316 2854 2696 2939 Ἑλληνικόν),

649 2965 759 3023 nisi
810 2965 1047 3023 Graecis
1107 2966 1370 3025 licuisset
1434 2968 1676 3025 nomina
1733 2967 2079 3025 relationem
2135 2968 2426 3044 quandam
2472 2966 2698 3040 signifi-

647 3068 842 3125 cantia
884 3068 1114 3126 ratione
1162 3070 1435 3144 exposita
1469 3088 1604 3128 casu
1651 3071 1985 3130 accusativo
2018 3090 2147 3128 cum
2179 3069 2528 3128 accusativi-s
2560 3088 2697 3126 con-

558 3251 561 3255 ,
645 3171 911 3245 iungere.
1002 3172 1112 3229 His
1158 3181 1359 3247 aperte
1403 3174 1757 3244 refutantur,
1822 3172 1926 3251 qui
1970 3173 2030 3230 in
2079 3172 2207 3231 loco
2253 3170 2501 3230 Homeri
2550 3222 2579 3250 cc
2598 3192 2691 3247 γυ-

647 3271 869 3330 ναῖκα”
910 3293 1023 3349 -pro
1071 3275 1362 3333 adiectivo
1409 3284 1756 3351 usurpatum
1802 3294 1930 3333 esse
1960 3274 2339 3334 arbitrantur.
2408 3274 2698 3349 Displicet

645 3382 839 3436 tamen
891 3389 950 3436 et
996 3378 1150 3455 quod
1198 3377 1412 3452 plurali
1460 3397 1706 3435 numero
1754 3377 1968 3435 dicitur
1998 3379 2125 3443 ταῖς
2154 3368 2454 3445 τοιαύταις
2485 3368 2690 3432 συντά·

645 3478 822 3549 ξεσιν,
870 3497 1205 3557 quanquam
1254 3480 1324 3536 de
1369 3500 1487 3537 uno
1533 3480 1664 3538 loco
1693 3478 1756 3534 ,Ω
1799 3484 1876 3537 58
1924 3479 2135 3552 agitur,
2181 3485 2242 3537 et
2287 3481 2439 3557 quod
2488 3498 2693 3555 parum

645 3588 913 3641 accurate
974 3581 1220 3639 Ionibus
1259 3574 1541 3654 ’Έλληνες
1599 3582 2056 3640 substituuntur.
2145 3582 2391 3641 Accedit
2435 3583 2692 3640 tertium.

645 3686 857 3763 Neque
904 3685 1059 3741 enim
1114 3685 1355 3741 Homeri
1401 3690 1528 3743 erat
1571 3685 1754 3743 verba
1799 3685 1883 3742 ita
1927 3693 2285 3755 construere,
2332 3691 2399 3742 ut
2443 3686 2694 3763 ι,γυναῖ-

643 3784 765 3843 κα”
825 3806 932 3862 pro
979 3788 1270 3845 adiectivo
1332 3787 1588 3863 positum
1637 3786 1969 3856 videretur,
2030 3788 2130 3844 sed
2184 3787 2690 3858 grammaticorum

645 3889 835 3948 locum
900 3890 984 3947 ita
1042 3889 1440 3966 interpretari.
1541 3888 1772 3951 Quibus
1835 3889 2024 3947 causis
2100 3889 2243 3946 mihi
2307 3892 2547 3948 suborta
2604 3898 2694 3948 est

644 3991 899 4069 suspicio
944 3991 1437 4067 interpolationis,
1484 4025 1566 4033 —
1613 3993 1707 4049 Ab
1755 3992 1961 4050 eodem
2006 3991 2160 4049 forte
2206 3991 2442 4048 homine
2488 4011 2544 4068 p.
2594 3997 2695 4068 40,
