3234 4950
483 337 534 401 V
1303 340 1728 408 -93—

482 520 694 599 Itaque
739 520 1167 578 Lesbonactem
1230 507 1376 578 locis
1421 518 1754 577 Pindaricis
1813 519 1886 576 ab
1934 517 2278 577 Herodiano
2325 516 2538 589 allatis,

484 643 633 703 quos
664 623 792 698 ipse
820 621 1135 694 invenerit,
1185 622 1472 695 consulto,
1519 626 1587 680 ut
1625 622 1851 680 fontem
1882 621 2117 694 celaret,
2164 620 2537 680 substituisse

483 726 626 784 mihi
674 727 1026 801 persuadere
1085 746 1207 784 non
1252 745 1507 802 possum.
1596 726 1691 783 Ex
1756 724 1871 782 alio
1932 724 2115 799 igitur
2173 723 2342 783 fonte
2402 743 2536 783 eum

484 829 750 887 hausisse
798 827 1094 887 existimo.

653 933 1017 1006 Indagantes
1078 934 1405 990 ceterarum
1470 930 1790 1006 figurarum
1867 930 2063 989 fontes
2143 929 2410 989 ducimur
2467 931 2538 989 ad

487 1033 809 1094 Aristonici
854 1033 917 1091 in
963 1032 1292 1092 Homerum
1340 1033 1811 1093 commentarios,
1901 1032 2145 1092 Collatis
2206 1052 2357 1112 quae
2404 1033 2539 1091 Ari-

484 1138 752 1197 starchus
798 1137 1042 1216 eiusque
1088 1142 1410 1196 sectatores
1470 1137 1540 1194 ad
1589 1137 1915 1195 Homerum
1976 1135 2394 1210 explicandum
2452 1144 2540 1195 at·

484 1241 780 1312 tulerunt,
843 1247 1110 1299 nostrum
1156 1244 1455 1299 auctorem
1503 1239 1566 1298 in
1611 1239 1912 1319 plerisque
1958 1239 2165 1315 figuris
2211 1239 2537 1299 doctrinam

485 1364 519 1403 a
565 1342 931 1402 nobilissimo
977 1344 1358 1418 grammatico
1391 1342 1797 1401 Alexandrino
1836 1342 2130 1402 excultam
2164 1343 2398 1401 tradere
2437 1361 2541 1419 ap-

485 1453 668 1524 paret.
760 1445 932 1509 Quod
977 1452 1045 1505 ut
1089 1450 1497 1521 comprobem,
1558 1448 1630 1505 ad
1691 1444 1953 1522 singulas
1998 1444 2219 1520 figuras
2280 1445 2543 1505 breviter

486 1551 773 1610 indicatas
817 1549 1118 1623 adnotavi,
1163 1556 1361 1609 utrum
1394 1549 1772 1609 Aristarchus
1816 1548 2151 1608 consentiat
2194 1567 2268 1606 an
2307 1549 2544 1607 differat

487 1671 559 1710 an
608 1652 760 1711 nihil
805 1653 875 1711 de
920 1654 1048 1711 eius
1092 1653 1388 1712 sententia
1433 1657 1637 1710 notum
1685 1652 1762 1711 sit
1790 1650 1944 1730 (-—),
1992 1670 2110 1731 qua
2152 1650 2217 1710 in
2261 1670 2327 1710 re
2358 1652 2540 1712 lecto-

489 1775 613 1814 rem
659 1756 730 1814 ad
779 1755 1219 1814 Friedlaenderi
1258 1753 1408 1831 (Fr.)
1456 1754 1918 1830 disputationem
1963 1756 2034 1813 de
2080 1755 2545 1830 schematologia

493 1858 867 1918 Aristarchea
925 1858 1272 1938 plerumque
1329 1856 1471 1918 satis
1531 1863 1660 1917 erat
1715 1857 1995 1934 relegare.
2100 1859 2417 1917 Praeterea
2494 1857 2541 1916 si

491 1962 633 2041 quid
693 1963 916 2022 scholia
973 1963 1044 2020 ad
1106 1962 1267 2021 locos
1311 1962 1693 2034 Homericos,
1755 1962 1971 2040 quibus
2015 1962 2330 2021 Lesbonax
2376 1962 2543 2020 sche-

487 2072 645 2126 mata
700 2065 989 2136 illustrat,
1050 2064 1345 2141 adscripta
1408 2064 1768 2136 exhibeant,
1835 2065 1949 2124 hoc
2015 2063 2335 2140 adiungere
2396 2063 2542 2124 utile

489 2169 847 2228 existimavi.
2445 2246 2448 2249 Ἴ

661 2273 750 2331 De
795 2271 1018 2348 figuris,
1066 2290 1218 2351 quae
1262 2271 1333 2329 ad
1381 2290 1621 2331 casuum
1666 2270 2158 2347 permutationem
2205 2269 2541 2346 pertinent:

671 2368 1199 2448 Κολοφώνιον
1247 2374 1384 2434 VII.
1447 2374 1702 2435 Dativus
1746 2393 1853 2449 pro
1899 2374 2177 2450 genetivo
2214 2401 2301 2424 =
2331 2372 2544 2433 Arist.:

495 2483 592 2540 Fr.
640 2502 697 2558 p.
746 2486 842 2539 22.
934 2479 1116 2539 schol.
1167 2479 1239 2535 H
1278 2483 1397 2536 383
1445 2511 1529 2523 -

666 2586 726 2641 A
772 2590 886 2643 24:
950 2573 1080 2640 ἀλλ’
1125 2574 1237 2641 οὐκ
1301 2579 1561 2664 Ατρείδῃ
1605 2572 1996 2661 Ἀγαμέμνονι
2064 2572 2279 2657 ἥνδανε
2342 2581 2543 2660 θυμῷ.

666 2688 846 2748 schol.
893 2689 980 2746 A:
1054 2677 1146 2745 ὅτι
1197 2678 1538 2761 Ζηνόδοτος
1582 2677 1800 2764 γράφει
1853 2675 2035 2764 (ιᾶλῖ
2079 2678 2194 2743 οὐκ
2236 2676 2542 2763 Ἀτρείδεω

489 2786 934 2870 Ἀγαμέμνονος
950 2789 998 2850 ”.
1075 2781 1110 2849 ὁ
1156 2784 1219 2848 δὲ
1276 2781 1530 2865 ποιητὴς
1592 2782 1835 2864 δοτικὴν
1891 2779 2020 2846 ἀντὶ
2075 2789 2311 2867 γενικῆς
2356 2809 2544 2867 παρα-

494 2886 798 2972 λαμβάνει.
887 2893 1068 2955 schol.
1118 2894 1168 2949 P
1215 2897 1330 2951 123
1378 2929 1459 2938 —-

672 2997 735 3054 Ν
748 2989 1173 3071 ησιωτικόν
1226 2995 1338 3055 ΙΧ.
1442 2996 1768 3056 Genetivus
1846 3015 1953 3071 pro
2017 2995 2215 3056 dativo
2277 2997 2542 3071 pendens

495 3102 571 3160 ab
617 3099 943 3162 adiectivo:
988 3134 1072 3143 -

679 3204 844 3261 Τῶν
905 3198 1031 3261 ἐπὶ
1091 3197 1522 3278 τῆςἈσιάς
1564 3192 1937 3277 Ἑλλήνων
1987 3202 2066 3261 Χ.
2153 3201 2546 3263 Accusativus

497 3328 604 3383 pro
650 3307 849 3367 dativo
894 3308 1160 3384 pendens
1204 3326 1240 3364 a
1281 3307 1464 3365 verbo
1512 3333 1599 3357 ==
1642 3305 1862 3365 Arist.:
1910 3305 2006 3364 Fr.
2054 3324 2111 3379 p.
2162 3309 2259 3363 23.

672 3409 744 3466 H
784 3413 936 3468 113:
979 3405 1079 3467 καὶ
1126 3401 1186 3467 δ’
1234 3401 1496 3485 Ἀχιλεύς
1538 3399 1756 3467 τοῦτόν
1798 3427 1861 3486 γε
1892 3399 2049 3490 μάχῃ
2083 3403 2169 3466 ἐνὶ
2199 3405 2542 3490 κυδιανείρῃ

970 3504 1161 3591 ἔρριγ’
1206 3505 1604 3587 ἀντιβολῆσαι.

670 3616 851 3677 schol.
896 3618 989 3676 A:
1050 3636 1140 3694 γρ.
1204 3610 1306 3673 καὶ
1367 3672 1396 3695 u
1414 3607 1629 3673 τοῦτόν
1687 3611 1790 3693 γε”
1851 3614 2044 3693 (codd.
2090 3615 2264 3672 Hom.
2312 3606 2545 3694 τούτῳ).

667 3719 1060 3781 Accusativus
1103 3738 1210 3795 pro
1256 3718 1535 3794 genetivo
1579 3743 1668 3768 ==
1711 3718 1928 3778 Arist.:
1975 3719 2071 3777 Fr.
2119 3737 2177 3793 p.
2199 3753 2204 3762 Δ
2226 3721 2322 3775 21.
2389 3763 2396 3766 .

669 3825 852 3884 schol.
898 3824 957 3880 A
1004 3827 1124 3880 299
1172 3854 1255 3866 -
1627 3881 1631 3886 ,

670 3929 730 3984 A
775 3928 931 3986 275:
978 3915 1122 4002 μήτε
1165 3917 1239 3982 οὐ
1283 3915 1455 3983 τόνδ’
1501 3915 1787 4002 ἀποαίρεο
1832 3916 2079 4001 κούρην.

670 4031 850 4092 schol.
897 4034 986 4089 A:
1052 4021 1143 4090 ’ὅτι
1205 4021 1506 4106 ἀρχαϊκῶς
1550 4083 1578 4108 u
1596 4019 1760 4085 τόνδ’
1785 4024 1816 4053 ”
1864 4017 2133 4106 ἀφαιροῦ
2178 4016 2305 4101 οὐχὶ
2355 4022 2547 4082 τοῦδε.
