3234 4950
1538 1319 1662 1389 VI.

1237 1511 1362 1589 DE
1416 1511 1959 1592 SCRIPTORE.

749 1751 1132 1824 Testimonio,
1192 1771 1310 1830 quo
1373 1753 1447 1810 de
1507 1754 1796 1830 scriptore
1856 1754 2120 1831 opusculi
2181 1754 2528 1814 edoceamur
2551 1755 2627 1834 1),

573 1853 910 1913 carentibus
954 1854 1445 1913 considerandum
1492 1860 1615 1928 est,
1674 1838 1815 1914 num
1877 1856 2019 1935 quid
2065 1876 2143 1915 ex
2184 1855 2292 1929 iis,
2356 1877 2507 1936 quae
2554 1859 2624 1918 de

568 1957 1038 2016 Lesbonactibus
1083 1958 1225 2016 alibi
1270 1959 1602 2032 traduntur,
1651 1958 1713 2017 in
1759 1960 1917 2019 hunc
1962 1960 2229 2039 quadret.

738 2060 882 2120 Fuit
941 2059 1196 2136 primum
1241 2061 1561 2119 Lesbonax
1616 2060 2039 2136 philosophus,
2099 2062 2446 2122 Potamonie
2489 2063 2622 2121 rhe-

567 2163 714 2223 toris
758 2167 944 2239 pater,
1008 2164 1111 2241 qui
1157 2163 1469 2240 Mytilenis
1513 2182 1565 2223 a.
1611 2164 1737 2222 fere
1783 2168 1860 2222 65
1907 2183 1959 2223 a.
2007 2164 2143 2223 chr.
2190 2184 2249 2223 n.
2300 2164 2397 2225 vel
2443 2164 2618 2224 etiam

568 2271 744 2325 antea
787 2265 1062 2325 floruisse
1108 2267 1437 2325 censendus
1483 2271 1573 2326 est
1591 2265 1670 2342 ²).

706 2453 757 2517 1)
792 2455 894 2504 Cur
929 2453 1292 2503 Lesbonactem
1331 2457 1556 2501 nostrum
1592 2452 1858 2501 Labbaeus
1894 2454 1976 2501 vel
2010 2453 2069 2500 L.
2097 2453 2316 2502 Allatius
2343 2455 2622 2504 Romanum

564 2541 618 2607 (i.
658 2554 702 2589 e.
741 2536 1366 2605 Constantinopolitanum)
1415 2540 1770 2601 appellaverit,
1827 2540 2009 2586 nescio.
2082 2539 2351 2589 Labbaeus
2403 2542 2535 2589 enim
2571 2543 2624 2589 in

564 2627 686 2674 bibl.
714 2641 848 2674 nova
880 2642 969 2674 ms.
997 2642 1047 2687 p.
1078 2628 1206 2676 383:
1245 2668 1271 2692 u
1286 2625 1520 2675 observet
1553 2626 1712 2674 lector
1726 2622 1756 2647 '⁹
1790 2626 1952 2685 inquit
1987 2667 2014 2691 u
2032 2625 2383 2685 grammaticae
2415 2642 2625 2689 graecae

565 2713 813 2761 studiosus
861 2726 1016 2772 opera
1050 2712 1224 2759 Allatii
1260 2713 1445 2759 Romae
1490 2712 1624 2772 apud
1658 2712 1973 2759 Mascardum
2007 2727 2051 2759 a.
2096 2713 2227 2759 1643
2265 2714 2507 2772 prodiisse
2543 2714 2622 2760 Ti-

565 2798 759 2846 berium
793 2799 1084 2859 sophistam,
1120 2798 1473 2856 Herodianum,
1510 2797 1874 2845 Lesbonactem
1908 2798 2203 2857 Romanum,
2239 2798 2387 2845 Mich.
2405 2799 2619 2859 Aposto-

566 2884 688 2932 lium
738 2888 788 2931 et
835 2884 961 2930 alios
1013 2883 1073 2931 de
1121 2883 1293 2942 figuris
1339 2883 1673 2943 grammaticis
1688 2917 1702 2942 ‚
1748 2896 1924 2941 graece
1968 2887 2019 2929 et
2052 2883 2205 2930 latine
2222 2918 2237 2945 ,
2291 2898 2419 2943 quae
2454 2889 2620 2931 tamen

566 2970 806 3029 opuscula
857 2968 1077 3015 nondum
1134 2968 1256 3015 mihi
1313 2969 1485 3016 videre
1533 2968 1742 3027 contigit
1755 2965 1799 3013 '’.
1885 3008 1913 3031 u
1931 2968 2069 3015 Haec
2125 2968 2445 3030 (typographi
2495 2970 2622 3017 forte

567 3054 735 3117 culpa)
790 3067 1043 3113 nunquam
1078 3054 1239 3100 lucem
1274 3053 1479 3113 vidisse,
1531 3052 1604 3100 uti
1652 3054 1809 3100 multa
1858 3053 1956 3099 alia
1971 3086 1985 3111 ,
2035 3067 2161 3113 quae
2196 3054 2414 3100 Allatius
2449 3054 2622 3103 usibus

567 3140 782 3201 publicis
834 3139 1175 3186 laudatissimo
1226 3139 1388 3186 studio
1437 3138 1709 3186 destinavit
1723 3138 1749 3159 ”
1801 3138 2013 3186 coniecit
2051 3137 2337 3185 Fabricius:
2388 3138 2509 3187 bibl.
2547 3155 2621 3201 gr.

565 3227 596 3274 l.
635 3226 680 3271 V
717 3240 795 3285 cp.
835 3227 863 3273 7
900 3240 948 3285 p.
983 3226 1067 3272 45.

702 3308 753 3376 2)
790 3309 846 3357 C.
884 3308 1144 3357 Cichorius
1192 3306 1336 3374 (Rom
1372 3309 1473 3355 und
1510 3309 1767 3369 Mytilene,
1822 3309 2030 3369 Leipzig
2071 3307 2222 3373 1888)
2271 3324 2330 3356 ex
2366 3309 2520 3357 titulis
2556 3311 2620 3357 ab

565 3396 673 3455 ipso
724 3395 987 3456 descriptis
1020 3396 1345 3442 Potamonem
1384 3409 1430 3443 a.
1471 3390 1661 3460 ⁷25s29
1700 3408 1731 3441 a
1765 3395 2079 3455 Mytilenaeis
2113 3396 2323 3441 Romam
2373 3395 2437 3441 ad
2474 3394 2619 3442 Octa-

564 3481 771 3528 vianum
832 3495 944 3528 cum
992 3482 1106 3529 aliis
1154 3482 1277 3529 viris
1336 3482 1556 3540 legatum
1605 3481 1811 3529 missum
1866 3495 1972 3528 esse
2027 3481 2364 3528 demonstrare
2416 3481 2616 3529 studuit.

564 3566 707 3614 Hanc
741 3568 1039 3615 sententiam
1075 3567 1219 3615 novis
1255 3566 1664 3627 inscriptionibus
1697 3566 1943 3627 indagatis
1976 3566 2208 3627 repetivit
2252 3566 2305 3612 in
2340 3565 2620 3632 ‘Sitzungffi

564 3653 668 3701 ber.
720 3655 806 3701 der
860 3653 1085 3700 Berliner
1137 3653 1403 3701 Academie
1454 3653 1543 3699 der
1581 3650 1912 3700 wissensch.’
1966 3652 2095 3700 1889
2146 3666 2194 3711 p.
2232 3654 2331 3701 953
2369 3666 2442 3711 sq.
2526 3651 2618 3699 Cui

570 3738 864 3786 adversatus
902 3740 995 3786 Th.
1031 3740 1308 3787 Mommsen
1346 3742 1377 3786 l.
1414 3740 1447 3785 1.
1485 3753 1533 3798 p.
1572 3741 1674 3788 975
1708 3739 2030 3785 Potamonem
2070 3751 2181 3784 cum
2216 3738 2390 3785 ceteris
2426 3739 2621 3797 Mytile-

565 3824 705 3872 naeis
752 3826 850 3872 iam
886 3838 930 3871 a.
974 3822 1164 3892 709s45
1210 3826 1273 3872 ad
1325 3825 1587 3873 Caesarem
1635 3826 1912 3886 profectum
1960 3837 2068 3872 esse
2117 3822 2364 3884 probavit.
2433 3824 2620 3871 Romae

565 3915 729 3957 autem
779 3910 867 3958 ille
917 3911 1095 3957 iterum
1130 3916 1459 3958 commoratus
1496 3916 1571 3958 est
1606 3925 1652 3958 a.
1694 3906 1902 3976 ⁷29s25‚
1956 3909 2210 3957 Tiberium
2246 3908 2377 3955 vidit
2410 3923 2619 3968 regnan-

565 4001 679 4054 tem,
728 3997 1002 4056 nonaginta
1053 4010 1211 4044 annos
1262 3997 1544 4057 explevisse
1590 3997 1769 4045 dicitur
1805 3996 2033 4057 (Lucian.
2071 3994 2292 4042 macrob.
2332 3993 2445 4058 23):
2502 3995 2619 4042 hinc

564 4082 719 4142 patris
753 4080 1079 4131 Lesbonactis
1114 4086 1337 4145 tempora
1371 4095 1531 4131 ernas.
1585 4083 1665 4130 Ad
1700 4095 1848 4144 quem
1882 4080 2131 4143 pertinent
2156 4080 2363 4129 Suidae:
2401 4077 2617 4149 Δεσβῶ·
