<?xml version="1.0" encoding="UTF-8"?>
<!DOCTYPE html PUBLIC "-//W3C//DTD XHTML 1.0 Transitional//EN"
    "http://www.w3.org/TR/xhtml1/DTD/xhtml1-transitional.dtd">
<html xmlns="http://www.w3.org/1999/xhtml" xml:lang="en" lang="en">
 <head>
  <title>
</title>
<meta http-equiv="Content-Type" content="text/html;charset=utf-8" />
  <meta name='ocr-system' content='tesseract 3.04.00' />
  <meta name='ocr-capabilities' content='ocr_page ocr_carea ocr_par ocr_line ocrx_word'/>
</head>
<body>
  <div class='ocr_page' id='page_1' title='image "./delesbonactegra00lesbgoog_0090.png"; bbox 0 0 3234 4950; ppageno 0'>
   <div class='ocr_carea' id='block_1_1' title="bbox 1455 335 2689 409">
    <p class='ocr_par' dir='ltr' id='par_1_1' title="bbox 1455 335 2689 409">
     <span class='ocr_line' id='line_1_1' title="bbox 1455 335 2689 409; baseline 0.009 -23"><span class='ocrx_word' id='word_1_1' title='bbox 1455 338 1883 409; x_wconf 68' lang='lat'>-82-</span> <span class='ocrx_word' id='word_1_2' title='bbox 2599 335 2689 397; x_wconf 83' lang='lat' dir='ltr'><strong><em>IV</em></strong></span> 
     </span>
    </p>
   </div>
   <div class='ocr_carea' id='block_1_2' title="bbox 636 502 2720 3684">
    <p class='ocr_par' dir='ltr' id='par_1_2' title="bbox 636 502 2695 1208">
     <span class='ocr_line' id='line_1_2' title="bbox 804 502 2685 591; baseline -0.002 -19"><span class='ocrx_word' id='word_1_3' title='bbox 804 513 983 572; x_wconf 80' lang='lat' dir='ltr'>schol.</span> <span class='ocrx_word' id='word_1_4' title='bbox 1048 515 1137 571; x_wconf 78' lang='lat' dir='ltr'><strong><em>A:</em></strong></span> <span class='ocrx_word' id='word_1_5' title='bbox 1214 505 1406 581; x_wconf 73' lang='grc' dir='ltr'><strong><em>οὕτως</em></strong></span> <span class='ocrx_word' id='word_1_6' title='bbox 1471 505 1847 591; x_wconf 80' lang='grc' dir='ltr'><strong><em>Ἀρίσταρχος</em></strong></span> <span class='ocrx_word' id='word_1_7' title='bbox 1920 504 2236 589; x_wconf 76' lang='grc' dir='ltr'><strong><em>ἀμφότερα</em></strong></span> <span class='ocrx_word' id='word_1_8' title='bbox 2310 502 2409 569; x_wconf 74' lang='grc' dir='ltr'><strong><em>διὰ</em></strong></span> <span class='ocrx_word' id='word_1_9' title='bbox 2480 511 2589 569; x_wconf 87' lang='grc' dir='ltr'><strong><em>τοῦ</em></strong></span> <span class='ocrx_word' id='word_1_10' title='bbox 2660 530 2685 568; x_wconf 92' lang='grc' dir='ltr'><strong><em>ε</em></strong></span> 
     </span>
     <span class='ocr_line' id='line_1_3' title="bbox 637 605 2681 695; baseline -0.001 -22"><span class='ocrx_word' id='word_1_11' title='bbox 637 668 666 695; x_wconf 94' lang='grc' dir='ltr'><strong><em>ιι</em></strong></span> <span class='ocrx_word' id='word_1_12' title='bbox 688 611 1089 694; x_wconf 82' lang='grc' dir='ltr'><strong><em>προτρέποντο</em></strong></span> <span class='ocrx_word' id='word_1_13' title='bbox 1107 613 1138 641; x_wconf 83' lang='grc'>”</span> <span class='ocrx_word' id='word_1_14' title='bbox 1176 611 1277 673; x_wconf 89' lang='grc' dir='ltr'><strong><em>καὶ</em></strong></span> <span class='ocrx_word' id='word_1_15' title='bbox 1324 668 1352 695; x_wconf 94' lang='grc' dir='ltr'><strong><em>ιι</em></strong></span> <span class='ocrx_word' id='word_1_16' title='bbox 1373 611 1469 674; x_wconf 77' lang='grc' dir='ltr'><strong><em>ἐπὶ</em></strong></span> <span class='ocrx_word' id='word_1_17' title='bbox 1516 616 1678 690; x_wconf 80' lang='grc' dir='ltr'><strong><em>νηῶν</em></strong></span> <span class='ocrx_word' id='word_1_18' title='bbox 1695 614 1745 677; x_wconf 85' lang='grc'><strong><em>”.</em></strong></span> <span class='ocrx_word' id='word_1_19' title='bbox 1790 611 1939 693; x_wconf 81' lang='grc' dir='ltr'><strong><em>λέγει</em></strong></span> <span class='ocrx_word' id='word_1_20' title='bbox 1985 608 2097 694; x_wconf 69' lang='grc' dir='ltr'><strong><em>γάρ</em></strong></span> <span class='ocrx_word' id='word_1_21' title='bbox 2144 606 2312 694; x_wconf 76' lang='grc' dir='ltr'><strong><em>ιοῧτε</em></strong></span> <span class='ocrx_word' id='word_1_22' title='bbox 2349 605 2681 692; x_wconf 77' lang='grc' dir='ltr'><strong><em>προτροπά-</em></strong></span> 
     </span>
     <span class='ocr_line' id='line_1_4' title="bbox 636 709 2687 797; baseline 0 -22"><span class='ocrx_word' id='word_1_23' title='bbox 636 716 747 793; x_wconf 89' lang='grc' dir='ltr'><strong><em>δην</em></strong></span> <span class='ocrx_word' id='word_1_24' title='bbox 792 714 1049 797; x_wconf 72' lang='grc' dir='ltr'><strong><em>ἔφευγον</em></strong></span> <span class='ocrx_word' id='word_1_25' title='bbox 1117 714 1215 777; x_wconf 79' lang='grc' dir='ltr'><strong><em>ἐπὶ</em></strong></span> <span class='ocrx_word' id='word_1_26' title='bbox 1261 712 1365 786; x_wconf 77' lang='grc' dir='ltr'><strong><em>τοὶς</em></strong></span> <span class='ocrx_word' id='word_1_27' title='bbox 1409 719 1556 786; x_wconf 85' lang='grc' dir='ltr'><strong><em>ναῦς</em></strong></span> <span class='ocrx_word' id='word_1_28' title='bbox 1575 716 1605 777; x_wconf 84' lang='grc'><strong><em>’.</em></strong></span> <span class='ocrx_word' id='word_1_29' title='bbox 1676 710 1718 793; x_wconf 79' lang='grc' dir='ltr'><em>ἦ</em></span> <span class='ocrx_word' id='word_1_30' title='bbox 1762 713 1825 776; x_wconf 80' lang='grc' dir='ltr'><strong><em>δὲ</em></strong></span> <span class='ocrx_word' id='word_1_31' title='bbox 1869 716 2050 793; x_wconf 80' lang='grc' dir='ltr'><strong><em>διπλῆ</em></strong></span> <span class='ocrx_word' id='word_1_32' title='bbox 2095 711 2249 795; x_wconf 74' lang='grc' dir='ltr'><strong><em>πρὸς</em></strong></span> <span class='ocrx_word' id='word_1_33' title='bbox 2295 709 2360 776; x_wconf 79' lang='grc' dir='ltr'><strong><em>τό</em></strong></span> <span class='ocrx_word' id='word_1_34' title='bbox 2407 710 2687 792; x_wconf 86' lang='grc' dir='ltr'><strong><em>σημαινό-</em></strong></span> 
     </span>
     <span class='ocr_line' id='line_1_5' title="bbox 637 812 2694 939; baseline -0.001 -60"><span class='ocrx_word' id='word_1_35' title='bbox 637 841 815 898; x_wconf 81' lang='grc' dir='ltr'><strong><em>μενον</em></strong></span> <span class='ocrx_word' id='word_1_36' title='bbox 873 816 964 880; x_wconf 78' lang='grc' dir='ltr'><strong><em>ὅτι</em></strong></span> <span class='ocrx_word' id='word_1_37' title='bbox 1001 816 1288 891; x_wconf 75' lang='grc' dir='ltr'><strong><em>Ἀττικῶς</em></strong></span> <span class='ocrx_word' id='word_1_38' title='bbox 1348 814 1685 898; x_wconf 78' lang='grc' dir='ltr'><strong><em>ἐξενήνοχεν</em></strong></span> <span class='ocrx_word' id='word_1_39' title='bbox 1747 812 1893 901; x_wconf 77' lang='grc' dir='ltr'><strong><em>ιοῦκ</em></strong></span> <span class='ocrx_word' id='word_1_40' title='bbox 1955 818 2210 900; x_wconf 73' lang='grc' dir='ltr'><strong><em>ἔφευγον</em></strong></span> <span class='ocrx_word' id='word_1_41' title='bbox 2269 813 2694 939; x_wconf 74' lang='grc' dir='ltr'><strong><em>προτροπάδην</em></strong></span> 
     </span>
     <span class='ocr_line' id='line_1_6' title="bbox 639 915 2691 1004; baseline -0.002 -20"><span class='ocrx_word' id='word_1_42' title='bbox 639 921 739 984; x_wconf 77' lang='grc' dir='ltr'><strong><em>ἐπὶ</em></strong></span> <span class='ocrx_word' id='word_1_43' title='bbox 782 916 889 992; x_wconf 79' lang='grc' dir='ltr'><strong><em>τοὶς</em></strong></span> <span class='ocrx_word' id='word_1_44' title='bbox 932 922 1129 992; x_wconf 75' lang='grc' dir='ltr'><strong><em>ναῦς’.</em></strong></span> <span class='ocrx_word' id='word_1_45' title='bbox 1186 920 1335 983; x_wconf 72' lang='grc' dir='ltr'><strong><em>ἔνιοι</em></strong></span> <span class='ocrx_word' id='word_1_46' title='bbox 1379 919 1441 982; x_wconf 83' lang='grc' dir='ltr'><strong><em>δὲ</em></strong></span> <span class='ocrx_word' id='word_1_47' title='bbox 1484 917 1839 1002; x_wconf 82' lang='grc' dir='ltr'><strong><em>α’γνοοῦντες</em></strong></span> <span class='ocrx_word' id='word_1_48' title='bbox 1885 918 2297 1004; x_wconf 72' lang='grc' dir='ltr'><strong><em>γράφουσινιι</em></strong></span> <span class='ocrx_word' id='word_1_49' title='bbox 2319 915 2437 982; x_wconf 76' lang='grc' dir='ltr'><strong><em>οἷπὸ</em></strong></span> <span class='ocrx_word' id='word_1_50' title='bbox 2471 920 2691 999; x_wconf 83' lang='grc' dir='ltr'><strong><em>νηῶν”.</em></strong></span> 
     </span>
     <span class='ocr_line' id='line_1_7' title="bbox 639 1019 2695 1107; baseline -0.001 -22"><span class='ocrx_word' id='word_1_51' title='bbox 639 1027 856 1107; x_wconf 91' lang='grc' dir='ltr'><strong><em>γίνεται</em></strong></span> <span class='ocrx_word' id='word_1_52' title='bbox 936 1021 999 1085; x_wconf 81' lang='grc' dir='ltr'><strong><em>δὲ</em></strong></span> <span class='ocrx_word' id='word_1_53' title='bbox 1073 1021 1453 1103; x_wconf 80' lang='grc' dir='ltr'><strong><em>ἀδιανόητον.</em></strong></span> <span class='ocrx_word' id='word_1_54' title='bbox 1533 1022 1606 1086; x_wconf 80' lang='grc' dir='ltr'><strong><em>οὐ</em></strong></span> <span class='ocrx_word' id='word_1_55' title='bbox 1685 1020 1795 1106; x_wconf 76' lang='grc' dir='ltr'><strong><em>γοὶρ</em></strong></span> <span class='ocrx_word' id='word_1_56' title='bbox 1865 1019 1986 1086; x_wconf 67' lang='lat' dir='ltr'><strong><em>dud</em></strong></span> <span class='ocrx_word' id='word_1_57' title='bbox 2053 1030 2173 1087; x_wconf 76' lang='grc' dir='ltr'><strong><em>τῶν</em></strong></span> <span class='ocrx_word' id='word_1_58' title='bbox 2238 1028 2390 1088; x_wconf 76' lang='grc' dir='ltr'><strong><em>νεῶν</em></strong></span> <span class='ocrx_word' id='word_1_59' title='bbox 2456 1019 2695 1104; x_wconf 79' lang='grc' dir='ltr'><strong><em>φεύγειν</em></strong></span> 
     </span>
     <span class='ocr_line' id='line_1_8' title="bbox 641 1129 976 1208; baseline 0.006 -19"><span class='ocrx_word' id='word_1_60' title='bbox 641 1129 873 1206; x_wconf 74' lang='grc' dir='ltr'><strong><em>ἔμελλον</em></strong></span> <span class='ocrx_word' id='word_1_61' title='bbox 898 1130 976 1208; x_wconf 91' lang='grc'><strong><em>1).</em></strong></span> 
     </span>
    </p>

    <p class='ocr_par' dir='ltr' id='par_1_3' title="bbox 814 1226 2278 1311">
     <span class='ocr_line' id='line_1_9' title="bbox 814 1226 2278 1311; baseline -0.001 -20"><span class='ocrx_word' id='word_1_62' title='bbox 814 1236 902 1291; x_wconf 88' lang='lat' dir='ltr'><strong><em>Ad</em></strong></span> <span class='ocrx_word' id='word_1_63' title='bbox 948 1231 988 1309; x_wconf 87' lang='grc' dir='ltr'>β</span> <span class='ocrx_word' id='word_1_64' title='bbox 1033 1239 1189 1292; x_wconf 81' lang='lat'>206·</span> <span class='ocrx_word' id='word_1_65' title='bbox 1238 1229 1433 1292; x_wconf 77' lang='grc' dir='ltr'><strong><em>εἵνεκα</em></strong></span> <span class='ocrx_word' id='word_1_66' title='bbox 1477 1234 1584 1309; x_wconf 80' lang='grc' dir='ltr'><strong><em>τῆς</em></strong></span> <span class='ocrx_word' id='word_1_67' title='bbox 1630 1226 1843 1310; x_wconf 69' lang='grc' dir='ltr'><strong><em>ἀρετῆς</em></strong></span> <span class='ocrx_word' id='word_1_68' title='bbox 1890 1229 2278 1311; x_wconf 78' lang='grc' dir='ltr'><strong><em>ἐριδαίνομεν.</em></strong></span> 
     </span>
    </p>

    <p class='ocr_par' dir='ltr' id='par_1_4' title="bbox 642 1326 2699 1826">
     <span class='ocr_line' id='line_1_10' title="bbox 812 1326 2692 1454; baseline -0.001 -61"><span class='ocrx_word' id='word_1_69' title='bbox 812 1335 991 1395; x_wconf 81' lang='lat' dir='ltr'>schol.</span> <span class='ocrx_word' id='word_1_70' title='bbox 1041 1337 1099 1397; x_wconf 90' lang='grc' dir='ltr'>Η</span> <span class='ocrx_word' id='word_1_71' title='bbox 1137 1338 1199 1394; x_wconf 87' lang='grc' dir='ltr'>Μ</span> <span class='ocrx_word' id='word_1_72' title='bbox 1233 1335 1286 1403; x_wconf 78' lang='lat' dir='ltr'>Q</span> <span class='ocrx_word' id='word_1_73' title='bbox 1320 1337 1405 1396; x_wconf 84' lang='lat' dir='ltr'><strong><em>R.</em></strong></span> <span class='ocrx_word' id='word_1_74' title='bbox 1464 1327 1916 1454; x_wconf 82' lang='grc' dir='ltr'><strong><em>όἈρίσταρχος</em></strong></span> <span class='ocrx_word' id='word_1_75' title='bbox 1975 1335 2194 1395; x_wconf 78' lang='grc' dir='ltr'><strong><em>λείπειν</em></strong></span> <span class='ocrx_word' id='word_1_76' title='bbox 2261 1332 2405 1411; x_wconf 78' lang='grc' dir='ltr'><strong><em>φησὶ</em></strong></span> <span class='ocrx_word' id='word_1_77' title='bbox 2475 1328 2540 1393; x_wconf 79' lang='grc' dir='ltr'><strong><em>τό</em></strong></span> <span class='ocrx_word' id='word_1_78' title='bbox 2589 1326 2692 1411; x_wconf 63' lang='lat'><strong><em>‹³2¹9-</em></strong></span> 
     </span>
     <span class='ocr_line' id='line_1_11' title="bbox 642 1426 2699 1521; baseline 0 -27"><span class='ocrx_word' id='word_1_79' title='bbox 642 1442 818 1515; x_wconf 88' lang='grc' dir='ltr'><strong><em>θρον,</em></strong></span> <span class='ocrx_word' id='word_1_80' title='bbox 864 1436 950 1496; x_wconf 82' lang='grc' dir='ltr'><strong><em>ι”ν</em></strong></span> <span class='ocrx_word' id='word_1_81' title='bbox 1002 1426 1098 1521; x_wconf 78' lang='grc' dir='ltr'><strong><em>ᾗι</em></strong></span> <span class='ocrx_word' id='word_1_82' title='bbox 1113 1436 1307 1497; x_wconf 78' lang='grc' dir='ltr'><strong><em>εἵνεκα</em></strong></span> <span class='ocrx_word' id='word_1_83' title='bbox 1353 1440 1459 1512; x_wconf 83' lang='grc' dir='ltr'><strong><em>τῆς</em></strong></span> <span class='ocrx_word' id='word_1_84' title='bbox 1503 1431 1723 1515; x_wconf 79' lang='grc' dir='ltr'><strong><em>ταύτης</em></strong></span> <span class='ocrx_word' id='word_1_85' title='bbox 1768 1432 2028 1515; x_wconf 54' lang='grc' dir='ltr'><strong><em>ἄρετῆςζ</em></strong></span> <span class='ocrx_word' id='word_1_86' title='bbox 2100 1431 2301 1497; x_wconf 79' lang='grc' dir='ltr'><strong><em>Ἰακὸν</em></strong></span> <span class='ocrx_word' id='word_1_87' title='bbox 2344 1433 2408 1496; x_wconf 81' lang='grc' dir='ltr'><strong><em>δὲ</em></strong></span> <span class='ocrx_word' id='word_1_88' title='bbox 2451 1431 2517 1496; x_wconf 77' lang='grc' dir='ltr'><strong><em>τό</em></strong></span> <span class='ocrx_word' id='word_1_89' title='bbox 2551 1434 2699 1506; x_wconf 77' lang='grc' dir='ltr'><strong><em>ἕθος</em></strong></span> 
     </span>
     <span class='ocr_line' id='line_1_12' title="bbox 643 1532 2697 1619; baseline -0 -21"><span class='ocrx_word' id='word_1_90' title='bbox 643 1532 809 1599; x_wconf 81' lang='grc' dir='ltr'><strong><em>εἶναι.</em></strong></span> <span class='ocrx_word' id='word_1_91' title='bbox 893 1535 1334 1619; x_wconf 85' lang='grc' dir='ltr'><strong><em>Ἀριστοφανης</em></strong></span> <span class='ocrx_word' id='word_1_92' title='bbox 1397 1538 1459 1600; x_wconf 80' lang='grc' dir='ltr'><strong><em>δὲ</em></strong></span> <span class='ocrx_word' id='word_1_93' title='bbox 1524 1533 1841 1601; x_wconf 76' lang='grc' dir='ltr'><strong><em>υποόπτευε</em></strong></span> <span class='ocrx_word' id='word_1_94' title='bbox 1905 1564 2007 1601; x_wconf 94' lang='grc' dir='ltr'><strong><em>τον</em></strong></span> <span class='ocrx_word' id='word_1_95' title='bbox 2070 1540 2283 1618; x_wconf 87' lang='grc' dir='ltr'><strong><em>στίχον,</em></strong></span> <span class='ocrx_word' id='word_1_96' title='bbox 2348 1532 2697 1618; x_wconf 72' lang='grc' dir='ltr'><strong><em>νεωτερικὸν</em></strong></span> 
     </span>
     <span class='ocr_line' id='line_1_13' title="bbox 642 1626 2699 1725; baseline 0 -25"><span class='ocrx_word' id='word_1_97' title='bbox 642 1639 824 1722; x_wconf 78' lang='grc' dir='ltr'><strong><em>λέγων</em></strong></span> <span class='ocrx_word' id='word_1_98' title='bbox 872 1636 1062 1718; x_wconf 73' lang='grc' dir='ltr'><strong><em>ὄνομα</em></strong></span> <span class='ocrx_word' id='word_1_99' title='bbox 1107 1637 1170 1702; x_wconf 65' lang='lat' dir='ltr'><strong><em>to*</em></strong></span> <span class='ocrx_word' id='word_1_100' title='bbox 1219 1646 1324 1720; x_wconf 85' lang='grc' dir='ltr'><strong><em>τῆς</em></strong></span> <span class='ocrx_word' id='word_1_101' title='bbox 1369 1639 1601 1724; x_wconf 71' lang='grc' dir='ltr'><strong><em>ἀρετῆς.</em></strong></span> <span class='ocrx_word' id='word_1_102' title='bbox 1696 1639 1961 1704; x_wconf 81' lang='grc' dir='ltr'><strong><em>πιθανόν</em></strong></span> <span class='ocrx_word' id='word_1_103' title='bbox 2004 1626 2090 1703; x_wconf 39' lang='grc' dir='ltr'><strong><em>’δὲ</em></strong></span> <span class='ocrx_word' id='word_1_104' title='bbox 2135 1647 2487 1705; x_wconf 87' lang='grc' dir='ltr'><strong><em>συναθετεῐν</em></strong></span> <span class='ocrx_word' id='word_1_105' title='bbox 2532 1636 2699 1725; x_wconf 79' lang='grc' dir='ltr'><strong><em>αὐτῷ</em></strong></span> 
     </span>
     <span class='ocr_line' id='line_1_14' title="bbox 643 1740 2015 1826; baseline 0.002 -22"><span class='ocrx_word' id='word_1_106' title='bbox 643 1743 742 1804; x_wconf 82' lang='grc' dir='ltr'><strong><em>καὶ</em></strong></span> <span class='ocrx_word' id='word_1_107' title='bbox 789 1740 892 1805; x_wconf 75' lang='grc' dir='ltr'><strong><em>τόν</em></strong></span> <span class='ocrx_word' id='word_1_108' title='bbox 937 1742 1053 1826; x_wconf 82' lang='grc' dir='ltr'><strong><em>πρό</em></strong></span> <span class='ocrx_word' id='word_1_109' title='bbox 1103 1741 1294 1805; x_wconf 86' lang='grc' dir='ltr'><strong><em>αὐτοῦ</em></strong></span> <span class='ocrx_word' id='word_1_110' title='bbox 1340 1745 1436 1806; x_wconf 81' lang='grc' dir='ltr'><strong><em>καὶ</em></strong></span> <span class='ocrx_word' id='word_1_111' title='bbox 1484 1742 1587 1807; x_wconf 75' lang='grc' dir='ltr'><strong><em>τόν</em></strong></span> <span class='ocrx_word' id='word_1_112' title='bbox 1634 1740 1764 1824; x_wconf 89' lang='grc' dir='ltr'><strong><em>μετ’</em></strong></span> <span class='ocrx_word' id='word_1_113' title='bbox 1810 1741 2015 1808; x_wconf 83' lang='grc' dir='ltr'><strong><em>αὐτόν.</em></strong></span> 
     </span>
    </p>

    <p class='ocr_par' dir='ltr' id='par_1_5' title="bbox 816 1850 1605 1911">
     <span class='ocr_line' id='line_1_15' title="bbox 816 1850 1605 1911; baseline 0.004 -4"><span class='ocrx_word' id='word_1_114' title='bbox 816 1851 886 1907; x_wconf 82' lang='lat' dir='ltr'><strong><em>ad</em></strong></span> <span class='ocrx_word' id='word_1_115' title='bbox 931 1850 1106 1911; x_wconf 87' lang='lat' dir='ltr'><strong>Pind.</strong></span> <span class='ocrx_word' id='word_1_116' title='bbox 1154 1851 1361 1910; x_wconf 84' lang='lat' dir='ltr'>Isthm.</span> <span class='ocrx_word' id='word_1_117' title='bbox 1406 1852 1441 1910; x_wconf 90' lang='lat'>1</span> <span class='ocrx_word' id='word_1_118' title='bbox 1488 1856 1605 1911; x_wconf 79' lang='lat'><strong><em>58:</em></strong></span> 
     </span>
    </p>

    <p class='ocr_par' dir='ltr' id='par_1_6' title="bbox 733 1944 1986 2036">
     <span class='ocr_line' id='line_1_16' title="bbox 733 1944 1986 2036; baseline 0.002 -27"><span class='ocrx_word' id='word_1_119' title='bbox 733 1948 788 2009; x_wconf 82' lang='grc' dir='ltr'><strong><em>εἰ</em></strong></span> <span class='ocrx_word' id='word_1_120' title='bbox 828 1944 895 2009; x_wconf 88' lang='grc' dir='ltr'><strong><em>δ’</em></strong></span> <span class='ocrx_word' id='word_1_121' title='bbox 941 1948 1123 2036; x_wconf 77' lang='grc' dir='ltr'><strong><em>ἆρετᾷ</em></strong></span> <span class='ocrx_word' id='word_1_122' title='bbox 1170 1947 1507 2012; x_wconf 77' lang='grc' dir='ltr'><strong><em>κατάκειται</em></strong></span> <span class='ocrx_word' id='word_1_123' title='bbox 1553 1955 1750 2012; x_wconf 83' lang='grc' dir='ltr'><strong><em>πᾶσαν</em></strong></span> <span class='ocrx_word' id='word_1_124' title='bbox 1797 1947 1986 2033; x_wconf 74' lang='grc' dir='ltr'><strong><em>όργᾶν</em></strong></span> 
     </span>
    </p>

    <p class='ocr_par' dir='ltr' id='par_1_7' title="bbox 732 2048 1895 2133">
     <span class='ocr_line' id='line_1_17' title="bbox 732 2048 1895 2133; baseline 0.003 -20"><span class='ocrx_word' id='word_1_125' title='bbox 732 2048 1074 2133; x_wconf 68' lang='grc' dir='ltr'><strong><em>ἀμφότερον</em></strong></span> <span class='ocrx_word' id='word_1_126' title='bbox 1118 2050 1416 2124; x_wconf 78' lang='grc' dir='ltr'><strong><em>δαπάναις</em></strong></span> <span class='ocrx_word' id='word_1_127' title='bbox 1460 2077 1520 2114; x_wconf 91' lang='grc' dir='ltr'><strong><em>τε</em></strong></span> <span class='ocrx_word' id='word_1_128' title='bbox 1550 2054 1648 2116; x_wconf 79' lang='grc' dir='ltr'><strong><em>καὶ</em></strong></span> <span class='ocrx_word' id='word_1_129' title='bbox 1683 2050 1895 2126; x_wconf 88' lang='grc' dir='ltr'><strong><em>πόνοις</em></strong></span> 
     </span>
    </p>

    <p class='ocr_par' dir='ltr' id='par_1_8' title="bbox 731 2151 2706 2340">
     <span class='ocr_line' id='line_1_18' title="bbox 731 2151 2706 2240; baseline -0.001 -23"><span class='ocrx_word' id='word_1_130' title='bbox 731 2152 844 2237; x_wconf 74' lang='grc' dir='ltr'><strong><em>χρή</em></strong></span> <span class='ocrx_word' id='word_1_131' title='bbox 889 2180 983 2217; x_wconf 87' lang='grc' dir='ltr'><strong><em>νιν</em></strong></span> <span class='ocrx_word' id='word_1_132' title='bbox 1028 2151 1398 2237; x_wconf 70' lang='grc' dir='ltr'><strong><em>εὑρόντεσσιν</em></strong></span> <span class='ocrx_word' id='word_1_133' title='bbox 1444 2153 1714 2240; x_wconf 76' lang='grc' dir='ltr'><strong><em>ἀγάνορα</em></strong></span> <span class='ocrx_word' id='word_1_134' title='bbox 1754 2154 1991 2235; x_wconf 83' lang='grc' dir='ltr'><strong><em>κόμπον</em></strong></span> <span class='ocrx_word' id='word_1_135' title='bbox 2020 2153 2102 2236; x_wconf 76' lang='grc' dir='ltr'><strong><em>μὴ</em></strong></span> <span class='ocrx_word' id='word_1_136' title='bbox 2135 2163 2467 2237; x_wconf 82' lang='grc' dir='ltr'><strong><em>φθονεραῖς</em></strong></span> <span class='ocrx_word' id='word_1_137' title='bbox 2499 2154 2706 2237; x_wconf 80' lang='grc' dir='ltr'><strong><em>φέρειν</em></strong></span> 
     </span>
     <span class='ocr_line' id='line_1_19' title="bbox 738 2256 1020 2340; baseline 0.011 -21"><span class='ocrx_word' id='word_1_138' title='bbox 738 2256 1020 2340; x_wconf 73' lang='grc' dir='ltr'><strong><em>γνώμαις.</em></strong></span> 
     </span>
    </p>

    <p class='ocr_par' dir='ltr' id='par_1_9' title="bbox 652 2357 2716 3267">
     <span class='ocr_line' id='line_1_20' title="bbox 823 2357 2708 2447; baseline -0.002 -23"><span class='ocrx_word' id='word_1_139' title='bbox 823 2365 1043 2424; x_wconf 82' lang='lat' dir='ltr'>schol.:</span> <span class='ocrx_word' id='word_1_140' title='bbox 1096 2357 1471 2444; x_wconf 81' lang='grc' dir='ltr'><strong><em>Ἀρίσταρχος</em></strong></span> <span class='ocrx_word' id='word_1_141' title='bbox 1530 2359 1641 2424; x_wconf 77' lang='grc' dir='ltr'><strong><em>σύν</em></strong></span> <span class='ocrx_word' id='word_1_142' title='bbox 1704 2367 1782 2447; x_wconf 81' lang='grc' dir='ltr'><strong><em>τῷ</em></strong></span> <span class='ocrx_word' id='word_1_143' title='bbox 1832 2388 1852 2424; x_wconf 92' lang='grc' dir='ltr'><strong><em>ι</em></strong></span> <span class='ocrx_word' id='word_1_144' title='bbox 1898 2357 2113 2443; x_wconf 77' lang='grc' dir='ltr'><strong><em>γράφει</em></strong></span> <span class='ocrx_word' id='word_1_145' title='bbox 2156 2361 2256 2423; x_wconf 82' lang='grc' dir='ltr'><strong><em>καὶ</em></strong></span> <span class='ocrx_word' id='word_1_146' title='bbox 2303 2365 2563 2444; x_wconf 76' lang='grc' dir='ltr'><strong><em>περισπᾷ</em></strong></span> <span class='ocrx_word' id='word_1_147' title='bbox 2609 2359 2708 2420; x_wconf 82' lang='grc' dir='ltr'><strong><em>καὶ</em></strong></span> 
     </span>
     <span class='ocr_line' id='line_1_21' title="bbox 654 2455 2711 2552; baseline -0 -27"><span class='ocrx_word' id='word_1_148' title='bbox 654 2458 925 2543; x_wconf 80' lang='grc' dir='ltr'><strong><em>Ἀττικήν</em></strong></span> <span class='ocrx_word' id='word_1_149' title='bbox 986 2464 1206 2545; x_wconf 79' lang='grc' dir='ltr'><strong><em>δέχεται</em></strong></span> <span class='ocrx_word' id='word_1_150' title='bbox 1265 2462 1372 2545; x_wconf 76' lang='grc' dir='ltr'><strong><em>τὴν</em></strong></span> <span class='ocrx_word' id='word_1_151' title='bbox 1422 2462 1715 2542; x_wconf 79' lang='grc' dir='ltr'><strong><em>σύνταξιν,</em></strong></span> <span class='ocrx_word' id='word_1_152' title='bbox 1761 2463 1843 2528; x_wconf 68' lang='grc' dir='ltr'><strong><em>’ἵν’</em></strong></span> <span class='ocrx_word' id='word_1_153' title='bbox 1901 2455 1938 2552; x_wconf 79' lang='grc' dir='ltr'><strong><em>ᾖ</em></strong></span> <span class='ocrx_word' id='word_1_154' title='bbox 1985 2460 2019 2527; x_wconf 81' lang='grc' dir='ltr'><strong><em>ό</em></strong></span> <span class='ocrx_word' id='word_1_155' title='bbox 2061 2462 2236 2547; x_wconf 83' lang='grc' dir='ltr'><strong><em>λόγος</em></strong></span> <span class='ocrx_word' id='word_1_156' title='bbox 2284 2464 2370 2547; x_wconf 82' lang='grc' dir='ltr'>ιεί</span> <span class='ocrx_word' id='word_1_157' title='bbox 2411 2467 2483 2549; x_wconf 78' lang='grc' dir='ltr'><strong><em>τῇ</em></strong></span> <span class='ocrx_word' id='word_1_158' title='bbox 2531 2461 2711 2549; x_wconf 76' lang='grc' dir='ltr'><strong><em>ἀρετῇ</em></strong></span> 
     </span>
     <span class='ocr_line' id='line_1_22' title="bbox 652 2562 2709 2651; baseline -0.002 -21"><span class='ocrx_word' id='word_1_159' title='bbox 652 2563 992 2630; x_wconf 74' lang='grc' dir='ltr'><strong><em>κατάκειται</em></strong></span> <span class='ocrx_word' id='word_1_160' title='bbox 1052 2565 1204 2629; x_wconf 68' lang='grc' dir='ltr'><strong><em>κατὰ</em></strong></span> <span class='ocrx_word' id='word_1_161' title='bbox 1269 2565 1494 2651; x_wconf 87' lang='grc' dir='ltr'><strong><em>τρόπον</em></strong></span> <span class='ocrx_word' id='word_1_162' title='bbox 1556 2567 1777 2651; x_wconf 78' lang='grc' dir='ltr'><strong><em>(πάντα</em></strong></span> <span class='ocrx_word' id='word_1_163' title='bbox 1839 2565 2065 2650; x_wconf 84' lang='grc' dir='ltr'><strong><em>τρόπον</em></strong></span> <span class='ocrx_word' id='word_1_164' title='bbox 2109 2572 2247 2631; x_wconf 84' lang='grc' dir='ltr'><strong><em>Βοο.</em></strong></span> <span class='ocrx_word' id='word_1_165' title='bbox 2310 2563 2460 2628; x_wconf 75' lang='grc' dir='ltr'><strong><em>κατοὶ</em></strong></span> <span class='ocrx_word' id='word_1_166' title='bbox 2514 2562 2709 2628; x_wconf 79' lang='grc' dir='ltr'><strong><em>πάντα</em></strong></span> 
     </span>
     <span class='ocr_line' id='line_1_23' title="bbox 654 2666 2709 2756; baseline -0.001 -24"><span class='ocrx_word' id='word_1_167' title='bbox 654 2670 940 2752; x_wconf 70' lang='grc' dir='ltr'><strong><em>τρόπονὲ)</em></strong></span> <span class='ocrx_word' id='word_1_168' title='bbox 1009 2671 1069 2733; x_wconf 75' lang='grc' dir='ltr'><strong><em>ἕν</em></strong></span> <span class='ocrx_word' id='word_1_169' title='bbox 1131 2694 1189 2731; x_wconf 91' lang='grc' dir='ltr'><strong><em>τε</em></strong></span> <span class='ocrx_word' id='word_1_170' title='bbox 1253 2676 1333 2756; x_wconf 79' lang='grc' dir='ltr'><strong><em>τῷ</em></strong></span> <span class='ocrx_word' id='word_1_171' title='bbox 1396 2679 1601 2734; x_wconf 86' lang='grc' dir='ltr'><strong><em>πονεῖν</em></strong></span> <span class='ocrx_word' id='word_1_172' title='bbox 1664 2667 1848 2733; x_wconf 73' lang='grc' dir='ltr'><strong><em>αὐτόν</em></strong></span> <span class='ocrx_word' id='word_1_173' title='bbox 1902 2675 1984 2754; x_wconf 77' lang='grc' dir='ltr'><strong><em>τῷ</em></strong></span> <span class='ocrx_word' id='word_1_174' title='bbox 2030 2672 2164 2755; x_wconf 76' lang='grc' dir='ltr'><strong><em>ἰδίῳ</em></strong></span> <span class='ocrx_word' id='word_1_175' title='bbox 2211 2666 2437 2748; x_wconf 77' lang='grc' dir='ltr'><strong><em>σώματι</em></strong></span> <span class='ocrx_word' id='word_1_176' title='bbox 2481 2669 2581 2731; x_wconf 84' lang='grc' dir='ltr'><strong><em>καὶ</em></strong></span> <span class='ocrx_word' id='word_1_177' title='bbox 2628 2674 2709 2752; x_wconf 78' lang='grc' dir='ltr'><strong><em>τῷ</em></strong></span> 
     </span>
     <span class='ocr_line' id='line_1_24' title="bbox 656 2770 2709 2856; baseline -0.001 -21"><span class='ocrx_word' id='word_1_178' title='bbox 656 2777 952 2848; x_wconf 82' lang='grc' dir='ltr'><strong><em>δαπανᾶν,</em></strong></span> <span class='ocrx_word' id='word_1_179' title='bbox 999 2777 1080 2856; x_wconf 77' lang='grc' dir='ltr'><strong><em>τῷ</em></strong></span> <span class='ocrx_word' id='word_1_180' title='bbox 1125 2771 1230 2852; x_wconf 78' lang='grc' dir='ltr'><strong><em>μὲν</em></strong></span> <span class='ocrx_word' id='word_1_181' title='bbox 1276 2775 1548 2836; x_wconf 80' lang='grc' dir='ltr'><strong><em>δαπανᾶν</em></strong></span> <span class='ocrx_word' id='word_1_182' title='bbox 1593 2772 1866 2836; x_wconf 83' lang='grc' dir='ltr'><strong><em>καθόσον</em></strong></span> <span class='ocrx_word' id='word_1_183' title='bbox 1912 2770 2349 2855; x_wconf 79' lang='grc' dir='ltr'><strong><em>ἱπποτρόφησε,</em></strong></span> <span class='ocrx_word' id='word_1_184' title='bbox 2397 2777 2481 2856; x_wconf 77' lang='grc' dir='ltr'><strong><em>τῷ</em></strong></span> <span class='ocrx_word' id='word_1_185' title='bbox 2512 2771 2574 2833; x_wconf 80' lang='grc' dir='ltr'><strong><em>δὲ</em></strong></span> <span class='ocrx_word' id='word_1_186' title='bbox 2605 2796 2709 2833; x_wconf 83' lang='grc' dir='ltr'><strong><em>πο-</em></strong></span> 
     </span>
     <span class='ocr_line' id='line_1_25' title="bbox 655 2871 2712 2958; baseline -0.002 -20"><span class='ocrx_word' id='word_1_187' title='bbox 655 2884 777 2938; x_wconf 90' lang='grc' dir='ltr'><strong><em>νεῖν</em></strong></span> <span class='ocrx_word' id='word_1_188' title='bbox 821 2871 1094 2938; x_wconf 85' lang='grc' dir='ltr'><strong><em>καθόσον</em></strong></span> <span class='ocrx_word' id='word_1_189' title='bbox 1140 2871 1382 2957; x_wconf 74' lang='grc' dir='ltr'><strong><em>ἡνιόχει,</em></strong></span> <span class='ocrx_word' id='word_1_190' title='bbox 1432 2874 1541 2957; x_wconf 74' lang='grc' dir='ltr'><strong><em>χρὴ</em></strong></span> <span class='ocrx_word' id='word_1_191' title='bbox 1586 2884 1712 2949; x_wconf 87' lang='grc' dir='ltr'><strong><em>τοῖς</em></strong></span> <span class='ocrx_word' id='word_1_192' title='bbox 1757 2871 1999 2958; x_wconf 71' lang='grc' dir='ltr'><strong><em>εὑροῦσι</em></strong></span> <span class='ocrx_word' id='word_1_193' title='bbox 2044 2872 2152 2955; x_wconf 74' lang='grc' dir='ltr'><strong><em>τήν</em></strong></span> <span class='ocrx_word' id='word_1_194' title='bbox 2181 2871 2463 2954; x_wconf 83' lang='grc' dir='ltr'><strong><em>τοιαύτην</em></strong></span> <span class='ocrx_word' id='word_1_195' title='bbox 2496 2871 2712 2955; x_wconf 74' lang='grc' dir='ltr'><strong><em>ἀρετὴν</em></strong></span> 
     </span>
     <span class='ocr_line' id='line_1_26' title="bbox 656 2973 2712 3060; baseline -0 -21"><span class='ocrx_word' id='word_1_196' title='bbox 656 2976 763 3058; x_wconf 85' lang='grc' dir='ltr'><strong><em>τὴν</em></strong></span> <span class='ocrx_word' id='word_1_197' title='bbox 809 2973 1080 3060; x_wconf 70' lang='grc' dir='ltr'><strong><em>ἀγήνορα</em></strong></span> <span class='ocrx_word' id='word_1_198' title='bbox 1125 2976 1349 3059; x_wconf 87' lang='grc' dir='ltr'><strong><em>κόσμον</em></strong></span> <span class='ocrx_word' id='word_1_199' title='bbox 1399 2976 1664 3060; x_wconf 78' lang='grc' dir='ltr'><strong><em>(κόμπον</em></strong></span> <span class='ocrx_word' id='word_1_200' title='bbox 1710 2984 1931 3043; x_wconf 82' lang='lat' dir='ltr'><strong>coniee.</strong></span> <span class='ocrx_word' id='word_1_201' title='bbox 1978 2982 2175 3058; x_wconf 86' lang='lat' dir='ltr'>Horu)</span> <span class='ocrx_word' id='word_1_202' title='bbox 2222 2973 2305 3057; x_wconf 78' lang='grc' dir='ltr'><strong><em>μὴ</em></strong></span> <span class='ocrx_word' id='word_1_203' title='bbox 2352 2984 2712 3059; x_wconf 85' lang='grc' dir='ltr'><strong><em>φθονεραῖσι</em></strong></span> 
     </span>
     <span class='ocr_line' id='line_1_27' title="bbox 660 3076 2716 3164; baseline -0.001 -21"><span class='ocrx_word' id='word_1_204' title='bbox 660 3077 925 3164; x_wconf 74' lang='grc' dir='ltr'><strong><em>γνώμαις</em></strong></span> <span class='ocrx_word' id='word_1_205' title='bbox 970 3080 1194 3158; x_wconf 82' lang='grc' dir='ltr'><strong><em>φέρειν,</em></strong></span> <span class='ocrx_word' id='word_1_206' title='bbox 1256 3084 1519 3144; x_wconf 85' lang='grc' dir='ltr'><strong><em>τουτέστι</em></strong></span> <span class='ocrx_word' id='word_1_207' title='bbox 1572 3078 1637 3144; x_wconf 77' lang='grc' dir='ltr'><strong><em>τό</em></strong></span> <span class='ocrx_word' id='word_1_208' title='bbox 1686 3078 1902 3161; x_wconf 80' lang='grc' dir='ltr'><strong><em>σεμνόν</em></strong></span> <span class='ocrx_word' id='word_1_209' title='bbox 1946 3078 2220 3160; x_wconf 81' lang='grc' dir='ltr'><strong><em>καύχημα</em></strong></span> <span class='ocrx_word' id='word_1_210' title='bbox 2266 3076 2347 3160; x_wconf 82' lang='grc' dir='ltr'><strong><em>μή</em></strong></span> <span class='ocrx_word' id='word_1_211' title='bbox 2394 3085 2716 3160; x_wconf 79' lang='grc' dir='ltr'><strong><em>φθονερῶς</em></strong></span> 
     </span>
     <span class='ocr_line' id='line_1_28' title="bbox 657 3179 1390 3267; baseline 0.003 -21"><span class='ocrx_word' id='word_1_212' title='bbox 657 3184 880 3267; x_wconf 83' lang='grc' dir='ltr'><strong><em>φέρειν,</em></strong></span> <span class='ocrx_word' id='word_1_213' title='bbox 930 3179 1063 3245; x_wconf 75' lang='grc' dir='ltr'><strong><em>ἀλλ’</em></strong></span> <span class='ocrx_word' id='word_1_214' title='bbox 1111 3185 1390 3248; x_wconf 75' lang='grc' dir='ltr'><strong><em>ἐπαινεῖν.</em></strong></span> 
     </span>
    </p>

    <p class='ocr_par' dir='ltr' id='par_1_10' title="bbox 657 3290 2720 3474">
     <span class='ocr_line' id='line_1_29' title="bbox 832 3290 2714 3371; baseline -0.003 -16"><span class='ocrx_word' id='word_1_215' title='bbox 832 3290 1182 3371; x_wconf 78' lang='lat' dir='ltr'><strong>Quanquam</strong></span> <span class='ocrx_word' id='word_1_216' title='bbox 1229 3293 1408 3352; x_wconf 80' lang='lat' dir='ltr'>schol.</span> <span class='ocrx_word' id='word_1_217' title='bbox 1460 3292 1700 3352; x_wconf 77' lang='lat' dir='ltr'><strong>difficile</strong></span> <span class='ocrx_word' id='word_1_218' title='bbox 1730 3292 2056 3366; x_wconf 75' lang='lat' dir='ltr'>intellectu,</span> <span class='ocrx_word' id='word_1_219' title='bbox 2103 3299 2299 3352; x_wconf 81' lang='lat' dir='ltr'>tamen</span> <span class='ocrx_word' id='word_1_220' title='bbox 2337 3296 2499 3351; x_wconf 76' lang='lat' dir='ltr'>reete</span> <span class='ocrx_word' id='word_1_221' title='bbox 2530 3292 2714 3350; x_wconf 84' lang='lat' dir='ltr'>inter-</span> 
     </span>
     <span class='ocr_line' id='line_1_30' title="bbox 657 3391 2720 3474; baseline 0 -23"><span class='ocrx_word' id='word_1_222' title='bbox 657 3401 924 3470; x_wconf 79' lang='lat' dir='ltr'>pretatus</span> <span class='ocrx_word' id='word_1_223' title='bbox 984 3395 1223 3455; x_wconf 83' lang='lat' dir='ltr'><strong>videtur</strong></span> <span class='ocrx_word' id='word_1_224' title='bbox 1287 3415 1412 3454; x_wconf 83' lang='lat' dir='ltr'>esse</span> <span class='ocrx_word' id='word_1_225' title='bbox 1460 3395 1634 3453; x_wconf 89' lang='lat' dir='ltr'>Horn</span> <span class='ocrx_word' id='word_1_226' title='bbox 1661 3391 1739 3473; x_wconf 73' lang='lat'><strong><em>2),</em></strong></span> <span class='ocrx_word' id='word_1_227' title='bbox 1806 3395 1906 3474; x_wconf 88' lang='lat' dir='ltr'><strong><em>qui</em></strong></span> <span class='ocrx_word' id='word_1_228' title='bbox 1957 3396 2361 3455; x_wconf 84' lang='lat' dir='ltr'><strong>Aristarchum</strong></span> <span class='ocrx_word' id='word_1_229' title='bbox 2416 3393 2720 3470; x_wconf 79' lang='lat' dir='ltr'>scripsisse</span> 
     </span>
    </p>

    <p class='ocr_par' dir='ltr' id='par_1_11' title="bbox 658 3489 2718 3684">
     <span class='ocr_line' id='line_1_31' title="bbox 658 3489 2717 3581; baseline 0 -28.025"><span class='ocrx_word' id='word_1_230' title='bbox 658 3489 929 3577; x_wconf 80' lang='grc' dir='ltr'><strong><em>ιιᾶρετᾶ”</em></strong></span> <span class='ocrx_word' id='word_1_231' title='bbox 992 3502 1053 3557; x_wconf 79' lang='lat' dir='ltr'><strong><em>et</em></strong></span> <span class='ocrx_word' id='word_1_232' title='bbox 1113 3498 1230 3581; x_wconf 82' lang='grc' dir='ltr'><strong><em>ιιτῇ</em></strong></span> <span class='ocrx_word' id='word_1_233' title='bbox 1278 3490 1459 3579; x_wconf 74' lang='grc' dir='ltr'><strong><em>ἀρετῇ</em></strong></span> <span class='ocrx_word' id='word_1_234' title='bbox 1506 3491 1890 3556; x_wconf 78' lang='grc' dir='ltr'><strong><em>κατάκειται”</em></strong></span> <span class='ocrx_word' id='word_1_235' title='bbox 1955 3549 1985 3577; x_wconf 90' lang='grc' dir='ltr'><strong><em>ιι</em></strong></span> <span class='ocrx_word' id='word_1_236' title='bbox 2003 3498 2159 3556; x_wconf 86' lang='lat' dir='ltr'><strong>haud</strong></span> <span class='ocrx_word' id='word_1_237' title='bbox 2204 3497 2379 3556; x_wconf 83' lang='lat' dir='ltr'>aliter</span> <span class='ocrx_word' id='word_1_238' title='bbox 2421 3497 2717 3573; x_wconf 82' lang='lat' dir='ltr'>accepisse</span> 
     </span>
     <span class='ocr_line' id='line_1_32' title="bbox 658 3593 2718 3684; baseline -0.002 -23"><span class='ocrx_word' id='word_1_239' title='bbox 658 3601 847 3662; x_wconf 85' lang='lat' dir='ltr'>videri</span> <span class='ocrx_word' id='word_1_240' title='bbox 908 3620 976 3659; x_wconf 84' lang='lat' dir='ltr'><strong><em>ac</em></strong></span> <span class='ocrx_word' id='word_1_241' title='bbox 1038 3602 1086 3659; x_wconf 89' lang='lat' dir='ltr'><strong><em>si</em></strong></span> <span class='ocrx_word' id='word_1_242' title='bbox 1147 3601 1280 3680; x_wconf 84' lang='lat' dir='ltr'>quis</span> <span class='ocrx_word' id='word_1_243' title='bbox 1342 3601 1563 3661; x_wconf 78' lang='lat' dir='ltr'><strong>diceret</strong></span> <span class='ocrx_word' id='word_1_244' title='bbox 1622 3601 1697 3682; x_wconf 80' lang='grc' dir='ltr'><strong><em>τῇ</em></strong></span> <span class='ocrx_word' id='word_1_245' title='bbox 1758 3595 1940 3684; x_wconf 78' lang='grc' dir='ltr'><strong><em>ἀρετῇ</em></strong></span> <span class='ocrx_word' id='word_1_246' title='bbox 2003 3593 2309 3660; x_wconf 70' lang='grc' dir='ltr'><strong><em>ἀνάκειται</em></strong></span> <span class='ocrx_word' id='word_1_247' title='bbox 2365 3601 2468 3672; x_wconf 79' lang='lat' dir='ltr'><strong>ita,</strong></span> <span class='ocrx_word' id='word_1_248' title='bbox 2529 3605 2596 3659; x_wconf 82' lang='lat' dir='ltr'><strong><em>ut</em></strong></span> <span class='ocrx_word' id='word_1_249' title='bbox 2641 3619 2718 3657; x_wconf 88' lang='lat' dir='ltr'><strong><em>ex</em></strong></span> 
     </span>
    </p>
   </div>
   <div class='ocr_carea' id='block_1_3' title="bbox 663 3856 2720 4095">
    <p class='ocr_par' dir='ltr' id='par_1_12' title="bbox 663 3856 2720 4095">
     <span class='ocr_line' id='line_1_33' title="bbox 804 3856 2716 3922; baseline -0.003 -16"><span class='ocrx_word' id='word_1_250' title='bbox 804 3859 854 3922; x_wconf 90' lang='lat'><strong><em>1)</em></strong></span> <span class='ocrx_word' id='word_1_251' title='bbox 891 3858 997 3906; x_wconf 90' lang='lat' dir='ltr'><strong><em>Hos</em></strong></span> <span class='ocrx_word' id='word_1_252' title='bbox 1035 3858 1157 3905; x_wconf 88' lang='lat' dir='ltr'>duos</span> <span class='ocrx_word' id='word_1_253' title='bbox 1194 3858 1327 3904; x_wconf 85' lang='lat' dir='ltr'>locos</span> <span class='ocrx_word' id='word_1_254' title='bbox 1363 3857 1461 3903; x_wconf 79' lang='lat' dir='ltr'><strong><em>iam</em></strong></span> <span class='ocrx_word' id='word_1_255' title='bbox 1488 3857 1873 3904; x_wconf 79' lang='lat' dir='ltr'>Friedlaender:</span> <span class='ocrx_word' id='word_1_256' title='bbox 1913 3858 1973 3904; x_wconf 82' lang='lat' dir='ltr'><strong><em>de</em></strong></span> <span class='ocrx_word' id='word_1_257' title='bbox 2012 3856 2296 3904; x_wconf 79' lang='lat' dir='ltr'>schematol.</span> <span class='ocrx_word' id='word_1_258' title='bbox 2322 3857 2473 3902; x_wconf 83' lang='lat' dir='ltr'>Arist.</span> <span class='ocrx_word' id='word_1_259' title='bbox 2514 3869 2561 3915; x_wconf 86' lang='lat' dir='ltr'><strong><em>p.</em></strong></span> <span class='ocrx_word' id='word_1_260' title='bbox 2586 3857 2664 3913; x_wconf 84' lang='lat'><strong><em>15,</em></strong></span> <span class='ocrx_word' id='word_1_261' title='bbox 2688 3858 2716 3902; x_wconf 84' lang='lat'>2</span> 
     </span>
     <span class='ocr_line' id='line_1_34' title="bbox 663 3943 2720 4003; baseline -0.001 -13"><span class='ocrx_word' id='word_1_262' title='bbox 663 3948 711 3990; x_wconf 82' lang='lat' dir='ltr'><strong><em>et</em></strong></span> <span class='ocrx_word' id='word_1_263' title='bbox 746 3943 1090 4003; x_wconf 80' lang='lat' dir='ltr'>Sengebusch:</span> <span class='ocrx_word' id='word_1_264' title='bbox 1128 3946 1291 3991; x_wconf 76' lang='lat' dir='ltr'>annal.</span> <span class='ocrx_word' id='word_1_265' title='bbox 1332 3943 1571 3991; x_wconf 76' lang='lat' dir='ltr'>Fleckeis.</span> <span class='ocrx_word' id='word_1_266' title='bbox 1609 3944 1706 3990; x_wconf 89' lang='lat' dir='ltr'>vol.</span> <span class='ocrx_word' id='word_1_267' title='bbox 1735 3943 1923 3990; x_wconf 86' lang='lat' dir='ltr'>LXVII</span> <span class='ocrx_word' id='word_1_268' title='bbox 1960 3958 2001 3990; x_wconf 79' lang='lat' dir='ltr'><strong><em>a.</em></strong></span> <span class='ocrx_word' id='word_1_269' title='bbox 2048 3944 2175 3990; x_wconf 83' lang='lat'>1853</span> <span class='ocrx_word' id='word_1_270' title='bbox 2213 3958 2260 4002; x_wconf 89' lang='lat' dir='ltr'><strong><em>p.</em></strong></span> <span class='ocrx_word' id='word_1_271' title='bbox 2301 3945 2397 3989; x_wconf 78' lang='lat'><strong><em>252</em></strong></span> <span class='ocrx_word' id='word_1_272' title='bbox 2436 3943 2720 3989; x_wconf 78' lang='lat' dir='ltr'><strong>attulerunt.</strong></span> 
     </span>
     <span class='ocr_line' id='line_1_35' title="bbox 801 4029 1698 4095; baseline -0.001 -19"><span class='ocrx_word' id='word_1_273' title='bbox 801 4031 853 4095; x_wconf 81' lang='lat'><strong><em>2)</em></strong></span> <span class='ocrx_word' id='word_1_274' title='bbox 890 4031 950 4078; x_wconf 77' lang='lat' dir='ltr'><strong><em>de</em></strong></span> <span class='ocrx_word' id='word_1_275' title='bbox 986 4031 1135 4078; x_wconf 85' lang='lat' dir='ltr'>Arist.</span> <span class='ocrx_word' id='word_1_276' title='bbox 1176 4031 1306 4077; x_wconf 86' lang='lat' dir='ltr'>stud.</span> <span class='ocrx_word' id='word_1_277' title='bbox 1345 4029 1488 4076; x_wconf 84' lang='lat' dir='ltr'><strong>Pind.</strong></span> <span class='ocrx_word' id='word_1_278' title='bbox 1527 4044 1576 4090; x_wconf 86' lang='lat' dir='ltr'><strong><em>p.</em></strong></span> <span class='ocrx_word' id='word_1_279' title='bbox 1619 4031 1698 4077; x_wconf 80' lang='lat'><strong><em>70.</em></strong></span> 
     </span>
    </p>
   </div>
  </div>
 </body>
</html>
