3234 4950
542 321 612 393 11
1373 322 1751 386 —7-

542 484 664 550 ἀπό
696 492 924 564 κοινοῦ,
970 487 1310 570 ἕτερογενές,
1359 485 1870 571 ἕτεροπρόσωπον.
1936 494 2084 553 Nam
2115 494 2255 553 illae
2279 494 2594 571 ‘pertinent

541 597 615 653 ad
659 600 843 654 artem
890 594 1347 672 grammaticam,
1392 597 1503 656 hae
1548 598 1623 655 ad
1653 597 2025 670 rhetoricam,
2069 597 2190 657 illis
2230 598 2475 659 nomina
2516 618 2594 657 ex

542 698 928 776 scriptoribus
972 700 1098 759 sive
1142 699 1500 772 hominibus,
1547 701 1649 779 qui
1696 700 1903 775 figuris
1933 701 2021 760 uti
2052 700 2339 774 solebant,
2384 701 2479 761 his
2517 720 2593 760 ex

540 817 603 859 re
646 800 836 860 indita
879 808 1034 860 sunt.
1104 801 1354 863 Accedit
1399 801 1671 861 alterum.
1732 802 1792 860 si
1840 803 2033 877 σχῆμα
2077 797 2403 880 ἑτερογενές
2446 798 2594 879 (ἔστι

545 895 867 978 μετάβασις
925 894 1049 961 ἀπὸ
1108 899 1314 981 γένους
1374 900 1458 974 εἷς
1501 899 1671 982 γένος
1715 898 1865 981 πρὸς
1908 898 1973 963 τό
2023 897 2348 980 νοούμενον
2392 904 2592 965 addito

541 1025 618 1067 ex
660 1005 960 1080 Theologo
1013 1006 1125 1065 boc
1169 1005 1443 1082 exemplo
1489 1002 1639 1090 “nod
1684 1000 1834 1085 παρ’
1886 1003 2103 1066 ἑαυτοῦ
2149 999 2343 1082 πνοὴν
2394 1003 2595 1076 ἐνθεὶς

543 1100 578 1166 ὃ
623 1101 701 1184 δὴ
747 1100 962 1185 νοεροὶν
1005 1100 1209 1184 ψυχὴν
1255 1098 1415 1166 οἶδεν
1459 1100 1496 1167 o‘
1537 1101 1710 1187 λόγος
1726 1104 1779 1185 ”)
1843 1111 1916 1168 ab
1970 1110 2176 1169 eodem
2220 1114 2460 1170 auctore
2506 1115 2592 1168 at·

543 1230 657 1290 que
703 1217 932 1271 ceterae
977 1211 1202 1286 figurae
1247 1209 1663 1286 grammaticae
1701 1211 2031 1288 profectum
2063 1217 2235 1282 esset,
2281 1211 2596 1271 coniuncta

544 1319 741 1373 essent
800 1334 928 1373 cum
990 1315 1102 1372 hac
1154 1313 1344 1388 figura
1398 1333 1470 1372 ea
1512 1333 1665 1392 quae
1709 1334 1769 1390 p.
1818 1318 1897 1370 33
1944 1315 2018 1373 de
2064 1315 2338 1373 Euboeae
2382 1314 2595 1373 incolis

546 1416 862 1476 docentur:
914 1412 995 1474 Οἵ
1034 1407 1299 1491 Εὐβοεῖς
1340 1418 1465 1484 τοῖς
1510 1418 1805 1491 θηλυκοῖς
1837 1408 2120 1491 ὀνόμασιν
2150 1407 2429 1493 ἆρσενικοὶ
2461 1432 2593 1473 συν·

542 1511 861 1578 τάσσουσιν
917 1514 1182 1591 ἐπίθετα,
1246 1509 1326 1587 ὥς
1382 1510 1447 1576 τό
1495 1510 1649 1596 παρ’
1709 1510 1948 1601 Ὁμήρῳ
2008 1511 2260 1601 “nautas
2314 1510 2595 1577 Ἱπποδά-

543 1620 724 1696 μεια”
769 1622 848 1698 (Β
881 1621 1028 1699 742)
1073 1623 1191 1679 κτλ.
1281 1621 1456 1679 Nunc
1515 1641 1652 1682 cum
1712 1621 2027 1698 separatim
2090 1623 2381 1696 legantur,
2442 1641 2593 1701 quae

541 1724 694 1784 ratio
748 1724 977 1785 conecti
1022 1724 1226 1797 iubet,
1288 1723 1693 1785 concludimus
1749 1726 1940 1800 σχῆμα
1986 1719 2312 1803 ἕτερογενές
2355 1724 2593 1782 aliunde

542 1828 916 1904 desumptum
975 1826 1283 1904 postmodo
1347 1826 1732 1887 Lesbonactis
1792 1827 2073 1905 opusculo
2131 1827 2404 1889 adsutum
2448 1845 2593 1886 esse.

713 1931 883 1989 Unde
942 1930 1090 1988 istae
1153 1928 1378 2004 figurae
1421 1928 1647 2005 petitae
1692 1931 1811 1989 sint
1856 1930 2165 2010 quaerenti
2209 1929 2594 2007 respondebi-

545 2054 673 2093 mus
718 2031 1216 2091 Phoebammonis
1261 2025 1394 2107 περὶ
1440 2024 1753 2106 σχημάτων
1798 2033 2081 2108 opusculo
2124 2033 2414 2108 inspecto.
2498 2031 2592 2090 Ibi

541 2136 698 2194 enim
758 2135 995 2194 eaedem
1058 2134 1286 2209 figurae
1343 2138 1697 2206 occurrunt,
1757 2135 1859 2193 sed
1920 2135 2005 2193 ita
2048 2140 2114 2193 ut
2156 2134 2341 2195 totius
2384 2133 2592 2206 libelli,

542 2258 660 2318 quo
706 2237 1034 2296 rhetoricae
1079 2237 1302 2312 figurae
1348 2241 1693 2310 tractantur,
1740 2236 1988 2297 consilio
2028 2243 2090 2296 et
2119 2236 2336 2297 rationi
2368 2236 2592 2312 optime

540 2340 915 2401 conveniant.
1004 2343 1205 2418 Atque
1271 2338 1376 2399 ille
1438 2359 1760 2399 consensus
1823 2346 1913 2400 est
1976 2360 2045 2399 eo
2107 2339 2375 2416 gravior,
2434 2342 2592 2419 quod

540 2443 764 2520 figurae
810 2437 1153 2520 ἕτερογενές,
1199 2434 1711 2519 ἕτεροπρόσωπον,
1759 2437 2155 2522 ἕτεράριθμον
2197 2462 2233 2503 a
2275 2441 2439 2502 nullo
2472 2441 2589 2502 alio

544 2547 689 2606 artis
719 2546 1050 2606 rhetoricae
1081 2552 1319 2606 auctore
1350 2545 1568 2606 eisdem
1602 2547 1943 2606 nominibus
1972 2548 2373 2623 proferuntur.
2418 2545 2590 2604 Unde

540 2669 640 2709 eas
684 2669 763 2709 ex
803 2648 1302 2709 Phoebammonis
1344 2647 1497 2707 libro
1543 2648 1603 2707 in
1654 2655 1921 2710 nostrum
1966 2650 2282 2710 translatas
2313 2667 2439 2707 esse
2472 2648 2590 2707 col-

540 2751 797 2828 ligimus.
885 2751 1039 2812 Sane
1085 2756 1325 2812 exstant
1370 2751 1758 2811 differentiae.
1851 2750 2013 2816 Quas
2057 2751 2352 2831 quomodo
2399 2750 2590 2826 expli-

541 2875 758 2934 cemus,
801 2855 1111 2935 utriusque
1156 2854 1412 2915 auctoris
1456 2856 1658 2916 verbis
1702 2858 1811 2916 sub
1851 2875 1976 2914 uno
2023 2860 2343 2931 conspectu
2382 2852 2592 2929 positis

545 2957 754 3017 melius
797 2958 1241 3034 perspiciemus.

774 3078 1031 3140 Lesbon.
1074 3097 1190 3138 rec.
1237 3077 1301 3136 B.
1592 3078 2034 3136 Phoebammon
2082 3075 2298 3151 (Walz,
2351 3074 2443 3133 rh.
2490 3074 2589 3133 Gr.

1638 3179 1805 3238 VIII.
1839 3178 2115 3254 Spengel,
2147 3178 2239 3236 rb.
2263 3177 2361 3236 Gr.
2397 3175 2546 3254 ΙΙΙ).

623 3275 1133 3360 Ἐπεξήγησίς
1190 3278 1344 3340 ἔστιν
1395 3276 1534 3340 ἆσα-
1677 3282 1796 3356 (W.
1816 3301 1872 3357 p.
1892 3286 2031 3340 500.
2057 3281 2156 3355 Sp.
2176 3300 2234 3356 p.
2256 3279 2386 3357 47.)
2427 3272 2589 3337 Ἐπ-

540 3386 698 3458 φοῦς
757 3382 966 3455 λέξεως
1025 3376 1065 3460 ἢ
1109 3378 1289 3462 λόγου
1349 3402 1537 3460 σαφη-
1593 3376 1959 3461 εξήγησις
2003 3379 2070 3441 δέ
2116 3379 2270 3441 ἐστιν
2313 3374 2591 3455 ἀσαφοῦς

546 3480 771 3563 νισμός.
804 3483 1010 3557 λέξεως
1040 3481 1146 3560 μὲν
1178 3478 1258 3555 οἷς
1292 3479 1353 3545 τό
1396 3482 1554 3568 ιλαβὲ
1590 3482 1794 3557 λέξεως
1854 3477 1894 3560 ἢ
1954 3478 2134 3562 λόγου
2194 3481 2586 3560 σαφηνισμός.

539 3582 642 3648 τόν
688 3582 980 3664 ἀκινάκην
1017 3582 1053 3647 δ’
1085 3585 1202 3647 ἐστι
1242 3582 1538 3666 Περσικόν
1591 3585 1797 3659 λέξεως
1853 3582 1959 3663 μὲν
2022 3579 2105 3657 οἷς
2169 3583 2223 3645 εἰ
2274 3582 2459 3665 λέγων
2502 3607 2590 3656 τις

538 3690 933 3769 ξιφίδιον’1).
1002 3686 1184 3770 λόγου
1235 3686 1298 3749 δὲ
1345 3682 1426 3760 οἷς
1470 3684 1536 3750 τό
1593 3682 1940 3773 ιᾶκινοῖκηᾷ
2021 3687 2335 3764 σαφηνίσει
2406 3684 2590 3767 λέγων

541 3785 623 3876 “6
668 3786 833 3864 οἶκος
894 3781 1072 3864 οὗτος
1120 3792 1376 3870 βεβαίως
1424 3786 1926 3874 οὐκίίΠερσικὸν
1971 3783 2122 3851 εἶναι
2153 3791 2324 3866 ξίφος
2353 3784 2588 3850 τοιόνδε

540 3895 819 3966 οἰκεῖται,
877 3893 1026 3973 λέγω
1089 3891 1154 3955 δὲ
1212 3888 1293 3965 ὥς
1337 3894 1401 3954 οἱ
1440 3846 1692 3971 pti-latai
1737 3888 2098 3975 toto'vde'l).
2161 3889 2339 3974 λόγου
2399 3890 2463 3954 δὲ
2509 3887 2590 3968 οὖς

680 4035 731 4095 1)
765 4033 1045 4094 Respicitur
1101 4034 1238 4080 locus
1287 4034 1601 4081 Herodoteus
1641 4032 1739 4081 vu
1777 4034 1873 4081 54:
1944 4024 2218 4095 εὐξάμενος
2269 4028 2328 4081 δὲ
2376 4027 2589 4100 ἐσέβαλε
