3234 4950
541 322 631 384 IV
1365 326 1616 390 -81
1715 360 1784 373 ....

546 488 676 555 οὔτ’
730 481 841 556 οὖν
871 486 1144 579 άγγελίῃς
1175 492 1259 555 ἔτι
1289 496 1603 575 πείθομαι,
1654 495 1712 556 εἷ’
1736 501 1931 557 ποθεν
1975 495 2177 558 ἔλθοις
2222 492 2287 557 τό
2321 494 2384 558 δὲ
2415 496 2600 557 εἰπεῖν

546 593 638 659 ὅτι
683 592 748 659 τό
798 596 1062 680 “aflet’'
1123 594 1344 660 ταύτόν
1400 598 1520 661 ἔστι
1565 603 1650 684 τῷ
1697 597 1960 681 ιἔλθοιεν
2005 594 2310 682 άγγελίαι’,
2368 595 2597 679 δηλαδή

547 723 733 777 τινες,
802 697 1089 785 Πινδάρῳ
1148 698 1256 779 μὲν
1299 700 1402 762 καὶ
1446 707 1571 773 τοῖς
1615 699 1747 763 κατ’
1801 701 2027 765 ἐκεῖνον
2072 704 2381 786 δωρίζουσι
2416 706 2599 779 φιλεῖ-

545 828 653 865 ται.
702 800 929 866 οὔκουν
975 801 1038 865 δὲ
1082 802 1182 865 καὶ
1227 798 1478 889 Ὀμήρῳ
1526 804 1579 866 εἰ
1619 804 1723 866 καὶ
1768 805 1831 868 ἐν
1861 809 1944 891 τῷ
1976 861 2006 889 u
2023 810 2211 888 γοῦνα
2241 806 2342 868 καὶ
2375 810 2600 885 κνῆμαι

548 902 877 970 παλάσσετο
895 907 924 935 ”
985 907 1064 986 (Ρ
1103 909 1253 987 886)
1322 902 1511 989 ἤγουν
1570 904 1969 971 ἐπαλάσσοντο
2035 907 2333 972 τουτέστιν
2391 904 2595 987 ἐμολύ-

546 1032 720 1073 νοντο
766 1012 960 1088 σχῆμα
1006 1013 1275 1072 τοιοῦτον
1321 1014 1611 1092 Δωρικῶς
1656 1013 2147 1092 παρεμφαίνεται.

717 1117 795 1175 Et
838 1117 910 1174 ad
969 1117 1038 1173 Ψ
1078 1121 1197 1175 380
1246 1117 1328 1193 (p.
1383 1122 1562 1189 1306,
1611 1118 1753 1196 49):

545 1221 725 1303 πνοιῇ
789 1210 853 1276 δ’Ι
901 1211 1214 1295 Εὐμήλοιο
1280 1214 1651 1298 μετάφρενον
1696 1214 1859 1299 εὐρέε
1904 1214 1958 1279 τ’
2012 1212 2154 1298 ῶμω
2198 1213 2485 1299 θέρμετ’;
2532 1213 2596 1280 τὸ

544 1317 608 1382 δὲ
653 1318 998 1403 “venusto'’
1047 1317 1197 1401 πρὸς
1241 1317 1309 1383 τό
1341 1317 1717 1403 μετάφρενον
1749 1322 1994 1402 εἴρηται,
2043 1321 2187 1394 ἴσως
2232 1319 2296 1383 δὲ
2342 1317 2495 1404 πρὸς
2528 1317 2595 1383 τό

547 1418 782 1506 “dium’'
832 1419 1275 1505 Δωρικῶτερον.
1367 1428 1565 1503 Δῆλον
1628 1422 1690 1487 δὲ
1752 1420 1847 1487 ὅτι
1908 1418 2121 1504 ὅμοῖον
2166 1424 2350 1486 εἰπεῖν
2395 1423 2598 1508 (μετά-

546 1547 768 1606 φρενον
811 1525 911 1588 καὶ
960 1516 1112 1604 ῶμοι
1158 1525 1577 1608 ἐθερμαίνοντο
1622 1527 1831 1590 ἵππων
1876 1529 2088 1613 πνοῇ’.

718 1633 805 1693 Of.
852 1633 1034 1693 sohel.
1095 1635 1166 1692 ad
1212 1634 1495 1693 Philostr.
1543 1655 1599 1711 p.
1659 1639 1792 1706 155,
1843 1639 1907 1694 5:
1971 1626 2215 1714 Δῶριον
2275 1626 2342 1693 τό
2406 1634 2598 1710 σχῆμα

547 1734 630 1813 (p.
682 1740 799 1794 196
844 1763 932 1786 =
981 1734 1231 1814 Hwffaq
1284 1737 1414 1813 σχ.).

717 1841 929 1919 Neque
960 1840 1188 1913 mirum‚
1218 1841 1374 1919 quod
1404 1842 1558 1919 apud
1582 1841 1963 1902 Eustathium
1993 1840 2243 1918 legimus
2274 1841 2345 1899 ad
2379 1860 2409 1897 τ
2442 1840 2601 1900 337:

853 1929 894 2018 ἦ
939 1962 1028 2001 τοι
1076 1939 1206 2018 ἐμοὶ
1252 1944 1479 2019 χλαῖναι
1527 1941 1630 2002 καὶ
1675 1938 1861 2023 ῥήγεα
1907 1936 2247 2023 σιγαλόεντα

859 2037 1106 2122 ἤχθεθ’,
1154 2037 1251 2104 ὅτε
1284 2089 1296 2103 .
1333 2090 1345 2104 .
1384 2088 1396 2101 .
1433 2091 1445 2103 .

722 2147 807 2224 (p.
864 2148 1043 2223 1867,
1093 2150 1230 2224 22);
1277 2140 1342 2207 τό
1390 2143 1453 2207 δὲ
1500 2200 1529 2228 a
1547 2150 1775 2225 χλαῖναι
1805 2144 1906 2207 καὶ
1940 2141 2124 2228 ῥήγεα
2154 2140 2372 2225 ἤχθετο
2390 2146 2422 2175 ”
2455 2144 2598 2206 Αἰο-

458 2242 465 2253 ’
546 2242 713 2308 λικὸν
759 2251 951 2327 σχῆμα
996 2247 1095 2309 καὶ
1145 2243 1443 2328 Δωρικόν,
1499 2248 1604 2310 καὶ
1650 2247 1761 2309 εἰσὶ
1799 2245 1963 2328 παρά
2016 2243 2306 2333 Πινδάρῳ
2353 2252 2599 2309 τοιαῦτα

548 2345 754 2413 πολλά.
796 2346 1108 2424 ’Ἀττικός
1168 2349 1230 2412 δὲ
1289 2346 1441 2431 ἀνὴρ
1503 2349 1616 2412 οὐκ
1680 2346 1757 2411 ἂν
1810 2347 1970 2413 οὕτω
2015 2345 2263 2432 φράσαι,
2311 2347 2456 2412 ἄλλά
2500 2347 2600 2412 διά

546 2448 650 2526 τάς
708 2454 946 2534 χλαίνας
1003 2453 1126 2536 ἐρεῖ
1166 2449 1240 2516 ὂῖν
1285 2448 1611 2538 ιῆχθοντο’
1661 2458 2101 2534 πληθυντικῶς.
2195 2458 2427 2535 Nempe
2471 2457 2598 2535 ipse

546 2561 893 2623 Eustathius
938 2583 993 2639 p.
1051 2562 1228 2636 1702,
1277 2568 1312 2621 3
1374 2564 1486 2621 hoe
1552 2563 1692 2642 quid
1756 2563 1869 2622 sibi
1929 2563 2080 2623 velit
2135 2563 2599 2638 interpretatur:

549 2655 630 2732 ῶς
674 2658 739 2722 δὲ
784 2662 845 2722 οἱ
887 2668 1139 2743 Δωριεῖς
1197 2662 1433 2742 ἔχαιρον
1492 2660 1591 2723 καὶ
1650 2662 2016 2739 αἰολίζοντες,
2079 2663 2252 2740 δηλοῖ
2296 2661 2602 2744 Πίνδαρος

548 2758 762 2841 ἀναμὶξ
820 2759 978 2826 οὕτω
1042 2769 1234 2827 ποιῶν
1297 2760 1427 2844 ἤτοι
1477 2768 1769 2845 Δωρικῶς
1827 2765 2077 2846 γράφων
2135 2764 2237 2825 καὶ
2283 2763 2596 2835 Αἰολικῶς.

549 2871 715 2930 Haeo
760 2872 832 2928 de
875 2871 1224 2944 rationibus,
1272 2871 1488 2951 quibus
1531 2871 1739 2947 figuris
1783 2870 2026 2930 nomina
2075 2871 2450 2945 indebantur,
2495 2890 2599 2929 ex-

546 2974 796 3051 ploravi.

720 3075 1055 3151 Quaeritur,
1117 3077 1352 3157 quando
1411 3076 1697 3150 doctrina,
1759 3096 1878 3155 qua
1937 3075 2407 3163 constructiones
2465 3095 2598 3136 ver·

547 3183 754 3240 borum
798 3179 1118 3239 inusitatae
1165 3180 1342 3240 certis
1373 3179 1651 3255 gentibus
1682 3180 2004 3238 urbibusve
2036 3179 2430 3254 assignantur,
2469 3185 2600 3238 orta

547 3286 643 3344 sit.
705 3284 851 3342 Eius
897 3302 1133 3363 quoque
1178 3282 1431 3356 vestigia
1473 3283 1534 3340 in
1571 3282 1900 3342 Aristarchi
1947 3282 2298 3359 scriptorum
2327 3282 2598 3341 frustulis

547 3392 852 3463 apparent.

720 3490 811 3547 Ad
861 3489 918 3546 E
963 3493 1122 3548 249:
1170 3478 1301 3546 ἀλλ’
1346 3479 1450 3566 άγε
1495 3480 1572 3564 δὴ
1615 3478 1916 3564 χαζώμεθ’
1963 3481 2061 3560 ἐφ’
2114 3484 2322 3546 ’ἵππων

719 3593 902 3652 schol.
933 3595 1025 3653 A:
1073 3584 1162 3650 ὅτι
1193 3582 1468 3661 Ἀττικῶς
1499 3583 1833 3667 ἐξενήνοχεν
1880 3584 2010 3649 ἀντὶ
2052 3591 2161 3649 τοῦ
2195 3580 2278 3660 οἷς
2314 3586 2413 3649 ἐπὶ
2458 3583 2600 3661 τούς

547 3694 791 3765 ἵππους.
839 3693 1010 3754 δοκεῖ
1047 3689 1111 3753 δὲ
1157 3686 1497 3770 Ζηνόδοτος
1540 3695 1755 3754 τοῦτον
1790 3690 1893 3752 καὶ
1923 3685 2027 3752 τόν
2058 3690 2191 3769 ἑξῆς
2220 3684 2594 3768 ήθετηκέναι.

636 3800 725 3857 Ad
762 3799 849 3857 E:
892 3789 1144 3876 Ἀργεῖοι
1191 3790 1254 3854 δ’
1307 3787 1421 3855 ὕπ’
1448 3788 1631 3875 ’Ἄρηι
1660 3789 2035 3874 καὶ”Εκτορι
2066 3796 2509 3878 χαλκοκορυστῇ

662 3902 839 3979 (700)
885 3893 1022 3959 οὔτε
1066 3895 1206 3959 ποτὲ
1252 3895 1660 3980 προτρέποντο
1706 3893 2037 3976 μελαινάων
2083 3896 2181 3959 ἐπὶ
2227 3901 2389 3975 νηῶν

892 3995 1026 4062 οὔτε
1070 3996 1215 4063 ποτ’
1261 3995 1655 4081 ἀντεφέροντο
1699 3996 1878 4087 μάχῃ,

1659 4107 1664 4112 ’
2150 4109 2186 4165 6
