3234 4950
1488 356 1912 427 ...78-.
2631 354 2718 420 1‘v

668 537 864 611 gentis
907 538 1155 597 verbum
1200 534 1580 611 singulariter
1625 536 1884 611 positum
1929 536 2002 593 ab
2050 535 2395 594 Aristarcho
2442 537 2718 594 observa-

667 646 788 698 tam
847 658 976 699 esse
1036 640 1209 700 valde
1269 638 1577 715 probabile
1642 645 1733 697 est
1755 638 1861 714 1).Δ
1922 639 2161 698 Scholia
2203 637 2363 697 enim
2408 638 2721 696 Pindarica

668 762 796 801 eam
842 743 1077 819 saepius
1121 746 1349 814 notant,
1393 741 1560 801 velut
1604 743 1675 800 ad
1723 743 1900 818 Pyth.
1948 742 2035 801 IV
2081 746 2236 800 436:

977 839 1046 915 ὃς
1089 837 1259 920 πάχει
1305 839 1481 919 μάκει
1524 864 1582 902 τε
1629 837 2101 922 πεντηκόντορον
2144 844 2295 902 ναῦν
2339 837 2559 921 κράτει,

977 943 1197 1006 τέλεσεν
1242 940 1318 1005 ἃν
1362 943 1580 1026 πλαγαὶ
1626 939 1894 1024 σιδάρου.

840 1052 1059 1112 schol.:
1117 1043 1192 1109 ἃν
1257 1046 1473 1129 πληγαὶ
1530 1042 1814 1131 σιδάρου]
1869 1044 2077 1124 ἥντινα
2124 1052 2279 1108 ναῦν
2322 1045 2720 1127 συνεπὲρανον

671 1153 737 1213 αἱ
788 1154 894 1214 τοῦ
956 1146 1211 1231 σιδήρου
1274 1151 1509 1231 πληγαί.
1614 1145 1794 1211 πάλιν
1854 1152 1935 1233 τῷ
2000 1145 2252 1227 συνήθει
2313 1144 2558 1228 σχήματι
2618 1148 2719 1210 καὶ

670 1251 873 1338 τρόπῳ
918 1252 1188 1333 κέχρηται
1236 1251 1301 1314 τό
1349 1248 1546 1315 ἑνικὸν
1603 1257 1683 1336 τῷ
1729 1257 2117 1336 πληθυντικῷ
2161 1248 2470 1327 συζεύξας,
2526 1254 2721 1313 καίτοι

671 1354 866 1438 παρόν
926 1356 1113 1418 εἰπεῖν
1172 1355 1272 1417 καὶ
1321 1354 1670 1438 ιτέλεσσανζ
1757 1350 2046 1436 γράφεται
2102 1352 2164 1416 δὲ
2223 1354 2323 1416 καὶ
2369 1354 2718 1437 ιτέλεσσανζ

841 1463 934 1522 Ad
978 1463 1244 1541 Pyth.X
1285 1467 1432 1522 110:
1764 1454 1899 1520 ἕνθ’
1950 1457 2237 1539 ἀγαθοῖσι
2281 1464 2465 1520 κεῖται

1218 1557 1511 1642 πατρώιαι
1554 1560 1754 1622 κεδναὶ
1800 1563 2022 1624 πολίων
2069 1560 2464 1642 κυβερνάσιες.

844 1669 1060 1729 schol.:
1107 1665 1171 1727 ἐκ
1217 1662 1282 1725 δὲ
1326 1660 1543 1726 τούτου
1587 1663 1690 1725 καὶ
1736 1664 1799 1724 οἱ
1840 1661 2012 1741 νόμοι
2056 1668 2175 1726 τῶν
2219 1664 2492 1746 πατέρων
2524 1659 2721 1726 αὐτῶν

671 1769 736 1831 ἓν
784 1769 1074 1853 Θεσσαλίᾳ
1116 1764 1483 1829 ἀπόκεινται.
1545 1771 1628 1851 τῷ
1686 1762 1799 1848 γοῖρ
1848 1821 1877 1850 cc
1891 1773 2078 1829 κεῖται
2094 1769 2123 1796 ”
2172 1762 2302 1828 ἄντὶ
2346 1773 2455 1830 τοῦ
2498 1774 2716 1829 κεῖνται

670 1867 955 1950 συνήθως
1000 1875 1080 1956 τῷ
1128 1866 1377 1951 σχήματι
1421 1868 1713 1953 κέχρηται.

843 1979 931 2036 Of.
975 1983 1286 2055 praeterea
1329 1977 1512 2037 schol.
1559 1975 1653 2038 Ol.
1697 1976 1760 2034 X
1810 1981 1843 2034 5
1891 1978 2067 2055 Pyth.
2115 1978 2184 2036 Π
2230 1982 2305 2036 85
2354 1978 2443 2036 IV
2498 1983 2633 2036 100.

844 2081 957 2139 His
1016 2079 1374 2140 testimoniis
1433 2086 1681 2157 apparet
1741 2080 1857 2138 iam
1909 2079 2316 2154 Aristarchum
2379 2083 2722 2141 observasse

670 2184 803 2244 illas
854 2184 1104 2260 figuras,
1166 2203 1314 2263 quas
1374 2182 1739 2243 recentiores
1801 2183 2164 2258 grammatici
2210 2185 2399 2262 Ibyci,
2463 2185 2723 2252 Pindari,

670 2288 973 2347 Alcmanis
1035 2287 1274 2346 nomine
1331 2287 1619 2362 insignire
1682 2287 1896 2358 solent,
1957 2287 2113 2363 apud
2173 2288 2281 2346 hos
2342 2294 2459 2346 tres
2519 2294 2724 2363 poetas

670 2391 1015 2469 frequenter
1057 2390 1358 2463 inveniri3
1403 2394 1465 2448 et
1507 2389 1667 2468 quod
1696 2390 1985 2449 rationem
2018 2390 2299 2469 loquendi
2333 2392 2406 2450 ab
2438 2390 2722 2450 Alcmane

668 2494 1030 2551 nominatam
1093 2493 1335 2570 proprio
1389 2494 1628 2551 nomine
1672 2485 2066 2567 Ἀλκμανικόν
2112 2495 2207 2569 (ad
2255 2495 2413 2574 quod
2460 2513 2492 2553 e
2538 2496 2721 2554 schol.

670 2597 738 2656 ll.
786 2594 953 2668 ἔθος,
1010 2617 1042 2654 e
1088 2597 1272 2656 schol.
1321 2596 1433 2654 Od.
1478 2596 1670 2670 σχῆμα
1714 2598 2183 2657 subaudiendum
2230 2600 2342 2673 est)
2402 2598 2720 2674 significari

670 2700 1042 2760 Aristonicus
1087 2700 1317 2758 duobus
1361 2704 1521 2766 certe
1567 2698 1715 2757 locis
1759 2732 1842 2743 —-
1889 2700 2107 2779 quibus
2152 2700 2390 2760 tertium
2441 2701 2647 2775 (schol.
2687 2722 2722 2757 κ

675 2802 820 2879 513)
866 2804 1144 2861 accedere
1188 2801 1496 2877 probabile
1542 2808 1633 2860 est
1664 2838 1744 2847 —
1779 2801 2207 2880 pronuntiavit,
2238 2802 2355 2862 iam
2380 2805 2720 2864 Aristarcho

669 2906 832 2962 illam
891 2905 1351 2982 appellationem
1396 2896 1784 2979 Ἀλκμανικὸν
1829 2902 1977 2975 ἔθος
2030 2906 2157 2966 sive
2203 2907 2395 2982 σχῆμα
2418 2906 2476 2985 2)
2521 2913 2718 2967 notam

668 3010 849 3069 fuisse
895 3008 1389 3068 verisimillimum
1437 3015 1543 3068 est.
1634 3007 1801 3071 Quae
1867 3009 2164 3068 sententia
2208 3028 2277 3068 eo
2323 3011 2721 3083 confirmatur,

671 3114 828 3190 quod
866 3103 1068 3169 Ἰακὸν
1111 3107 1258 3181 ἔθος
1301 3113 1374 3170 ab
1407 3111 1750 3171 Aristarcho
1783 3116 2300 3171 commemoratum
2332 3132 2460 3172 esse
2505 3113 2721 3172 diserte

672 3215 887 3274 dicitur
945 3215 1128 3274 schol.
1176 3212 1215 3291 β
1264 3219 1384 3272 206
1448 3215 1531 3291 (v.
1579 3215 1757 3291 paulo
1804 3220 1940 3291 post
1983 3235 2041 3291 p.
2090 3214 2215 3292 82).
2305 3214 2477 3278 Quod
2524 3225 2719 3276 autem

673 3319 742 3376 de
787 3317 975 3392 figura
1019 3316 1363 3378 Alcmanica
1406 3318 1603 3390 valet„
1628 3318 1785 3377 idem
1828 3318 1892 3376 in
1938 3326 2164 3377 ceteras
2206 3318 2525 3394 lyricorum
2570 3319 2721 3396 figu-

669 3439 763 3477 ras
807 3421 1014 3479 cadere
1059 3425 1519 3479 consentaneum
1564 3427 1673 3480 est.
1894 3428 1898 3433 ’

843 3521 1160 3585 Quaeritur
1201 3542 1398 3598 porro,
1457 3543 1598 3582 num
1657 3529 1891 3585 veteres
1954 3525 2101 3585 alias
2146 3525 2363 3602 figuras
2415 3531 2720 3603 poetarum

672 3625 909 3684 nomine
968 3624 1418 3700 appellaverint.
1523 3626 1766 3685 Nullum
1828 3627 2187 3703 investigavi
2248 3631 2587 3707 exemplum
2644 3650 2721 3688 ne

810 3879 861 3943 1)
897 3881 960 3928 cf.
997 3880 1137 3928 Horu
1175 3882 1206 3929 1.
1243 3883 1273 3928 l.
1311 3898 1360 3944 p.
1398 3884 1480 3936 80.

810 3966 862 4029 2)
897 3966 1039 4027 Ibyci
1063 3968 1415 4028 proprietatem
1439 3970 1750 4018 Aristonicus
1778 3968 1958 4037 σχῆμα
1981 3972 2268 4039 ¹nominavit
2304 3978 2350 4020 et
2375 3975 2497 4020 alias
2524 3988 2719 4034 quoque

670 4052 721 4099 in
760 4053 864 4100 eius
901 4055 1264 4103 commentariis
1301 4055 1532 4103 vocabuli
1571 4051 1842 4123 σχήματος
1878 4058 2108 4116 frequens
2145 4072 2276 4108 usus.
