3234 4950
1424 369 1855 438 -42-
2454 331 2660 429 '11

1058 549 1112 607 A
2166 546 2211 603 B

606 645 855 725 γίνεται·
932 645 1028 707 καὶ
1057 644 1253 728 ὥσπερ
1278 647 1552 710 ἐλλείπων
1585 653 1612 707 1
1712 648 1854 727 γίων
1890 641 2217 718 συντάξεων
2264 641 2480 725 ὀρθαῖς
2525 647 2661 723 χρᾶ-

608 747 733 832 <τῆς
815 747 1015 828 ἑτέρας
1100 748 1549 835 κεχωρισμένης)
1709 755 1875 821 σθαι,
1922 742 2053 810 οἷον
2093 742 2515 831 ,ιἈλκιβιάδης
2546 743 2659 818 ὄφ-

605 846 782 911 πάλιν
842 848 1157 930 αὐτοτελὴς
1218 851 1366 937 (τῆς)
1435 851 1548 913 ἑτέ·
1709 851 1845 924 θεὶς
1882 847 2251 930 ἀνέστρεψαν
2284 844 2658 926 Λακεδαιμό-

605 976 714 1032 ρας
785 955 1191 1032 συνδεθείσης.
1296 948 1379 1026 οἷς
1448 952 1548 1015 καὶ
1707 953 1873 1015 νιοι”
1924 946 2056 1016 α’ντὶ
2117 957 2221 1013 τοῦ
2280 948 2658 1029 Ἀλκιβιάδου

525 1067 541 1082 ·
604 1051 877 1135 ’Όμηρος
899 1056 1000 1141 “ol
1019 1055 1082 1118 δὲ
1113 1053 1224 1119 δύο
1253 1053 1548 1132 σκόπελοι,
1579 1065 1612 1117 5
1706 1052 2025 1132 ὀφθέντος.

603 1155 638 1218 ὃ
669 1156 775 1234 μὲν
805 1155 1068 1238 οὐρανόν
1116 1155 1292 1240 εὕρύν
1325 1157 1549 1221 ι’κάνει”
1625 1216 1628 1229 ,

469 1274 581 1326 184
605 1263 671 1341 (μ
719 1263 823 1342 73)
877 1262 888 1344 Ι
943 1259 1075 1323 ἀντὶ
1121 1266 1228 1324 τοῦ
1275 1267 1392 1323 τῶν
1437 1259 1548 1325 δύο

604 1362 925 1436 σκοπέλων,
953 1367 1364 1449 ιιΝεστορίδαι,
1390 1361 1425 1426 ὃ
1444 1363 1550 1445 μὲν

604 1463 804 1527 οῧτασ’
845 1464 1194 1546 Ἀτύμνιον”
1243 1471 1343 1548 (Π
1383 1473 1549 1549 317),

604 1564 822 1652 ιιᾶἷμφω
848 1571 901 1630 δ’
928 1568 1199 1646 ἑζομένω,
1233 1566 1545 1650 γεραρώτε-
1582 1575 1676 1631 110

603 1695 707 1750 ρος
745 1662 848 1749 ἦεν
876 1666 1228 1744 Ὀδυσσεύς”
1273 1675 1359 1751 (Γ
1380 1681 1449 1734 21
1472 1678 1547 1751 1).

1623 1844 1628 1861 ,
1791 1786 2075 1864 Reliquas
2132 1785 2369 1845 Atticas
2430 1787 2651 1862 figuras

1623 1880 1627 1973 ᾗ
1703 1898 1944 1964 praeter
2014 1889 2172 1946 XXI
2231 1888 2331 1946 hic
2393 1889 2559 1948 addit
2602 1889 2649 1946 B

1705 1993 1804 2070 (cf.
1850 2014 1908 2070 p.
1944 1992 2024 2068 4),
2072 1992 2284 2050 deinde
2322 1991 2522 2068 porgit
2564 1991 2650 2049 ita

1639 2089 1672 2141 5
1703 2093 2027 2170 σημείωσαι
2057 2089 2120 2152 δὲ
2169 2086 2261 2151 ὅτι
2299 2088 2362 2151 τό
2396 2092 2646 2152 σολοικί-

1622 2232 1628 2285 Ι
1703 2200 1814 2269 ζειν
1860 2191 2163 2268 ἀττικίζειν
2204 2194 2337 2255 ἐστι’.

687 2299 848 2356 XIII
880 2291 1134 2367 Ἴωνες
1177 2293 1367 2356 δὲκαὶ
1407 2301 1544 2356 πολ·
1623 2322 1627 2381 3
1790 2300 1939 2357 XIV
1985 2296 2412 2366 Χαλκιδεῖς
2456 2293 2533 2356 δὲ
2577 2296 2652 2356 οἱ

599 2400 716 2456 λῶν
749 2394 971 2478 φράσιν
1015 2392 1088 2458 οὐ
1121 2394 1401 2472 σώζοντες
1432 2395 1546 2462 πά·
1705 2398 1778 2460 ἐν
1845 2395 2154 2484 Εὐβοίᾳ
2230 2403 2351 2470 τοῖς
2425 2394 2645 2479 ῥήμασι

598 2505 688 2562 λιν
723 2507 775 2579 †,
823 2495 904 2572 ὥς
934 2497 1045 2581 γάρ
1094 2496 1260 2579 ἡμεῖς
1304 2500 1545 2583 λέγομεν

599 2599 1004 2681 (ἐξερχόμενός
1104 2627 1203 2680 μοι
1293 2604 1540 2665 ἔδωκεν’
1575 2608 1610 2660 2

600 2694 769 2766 οὗτοί
803 2725 984 2779 φασιν
1019 2705 1425 2787 ιέξερχομένου
1459 2706 1541 2784 [δ]

599 2807 785 2868 ἔδωκέ
830 2810 947 2882 μοι’
992 2810 1162 2888 (fiat).
1702 2805 1891 2881 οὕτως
1923 2806 2179 2886 δοτικάς,
2215 2804 2295 2881 ὦς
2328 2803 2647 2879 Διονύσιος

686 2913 836 2972 XIV
886 2910 1306 2982 Χαλκιδεῖς
1351 2909 1426 2972 δὲ
1472 2912 1550 2972 οἷ
1618 2910 1626 3014 Ι
1703 2906 1737 2973 δ
1791 2909 2121 2982 Χαλκιδεύς
2182 2911 2311 2991 περὶ
2362 2913 2647 2989 Μυρίνης

1581 2092 1604 2145 l

1703 2508 1827 2574 τοῖς
1858 2502 2347 2580 συντασσομένοις
2383 2503 2650 2574 δοτικαῖς

1637 2605 1672 2656 0
1703 2602 1994 2665 πτώσεσιν
2054 2601 2380 2675 αἰτιατικᾶς
2442 2600 2647 2682 πρότε-

1704 2732 1811 2785 ρον
1845 2706 2195 2785 ἐπιφέρουσι
2228 2701 2494 2780 πτώσεις,
2532 2699 2646 2765 εἷθ’

662 3060 694 3103 4
751 3050 1088 3119 συνδεούσηςτ
1141 3070 1249 3103 corr
1304 3057 1353 3101 M
1413 3054 1432 3119 ΙΙ
1478 3060 1538 3105 19
1773 3061 1793 3102 1
1831 3051 2110 3115 συντάξεων
2137 3056 2226 3102 Lb
2261 3051 2545 3112 συντάξεως
2570 3050 2644 3118 ΟΙ

596 3141 733 3188 locus
778 3142 1106 3201 perturbatus,
1154 3141 1292 3189 deest
1330 3142 1541 3201 explica·
1697 3140 1923 3205 χρᾶσῖῐαι
1956 3141 1996 3185 L
2032 3139 2259 3206 χρῆσζῖαι
2296 3139 2338 3186 Ο
2364 3138 2396 3184 b
2423 3136 2497 3204 [12
2534 3131 2645 3187 Ἀλ-

594 3226 663 3271 tio
696 3224 705 3290 1
738 3219 883 3287 ὑμεῖς
913 3224 1113 3290 λέγεται
1141 3227 1180 3272 F
1214 3220 1368 3291 ἡμεῖς
1405 3223 1540 3289 λέγο·
1698 3223 1948 3293 κυβιάδης
1998 3228 2039 3272 L
2106 3215 2438 3291 Ἀλκιβιάδης
2488 3223 2532 3271 Ο
2561 3224 2592 3269 b
2618 3223 2639 3287 11

596 3325 685 3372 μεν
721 3311 762 3357 Ρ
786 3309 807 3375 η
833 3312 898 3357 20
935 3307 1263 3377 ἐξερχόμενος
1291 3313 1338 3356 Μ
1376 3326 1434 3357 ex
1469 3313 1540 3357 B:
1700 3316 1728 3360 3
1790 3304 2097 3373 ἀνέστρεψεν
2157 3312 2196 3357 L
2263 3303 2545 3370 άνέστεψαν
2601 3309 2644 3357 O

595 3392 908 3461 ἐξερχομένῳ
952 3393 963 3461 Ι
1006 3392 1203 3447 ἔδωκαν
1244 3393 1265 3461 ss
1305 3399 1365 3442 21
1406 3384 1542 3445 οὗτοι
1698 3389 2012 3459 ἀνέστρεψαν
2051 3393 2131 3461 bn
2166 3400 2197 3443 4
2231 3390 2568 3462 ’Δλκυβιάδου
2603 3396 2645 3440 L

595 3483 782 3529 Maass:
821 3474 966 3532 αὐτοί
995 3482 1004 3540 Ι
1036 3476 1361 3546 ἐξερχομένου
1398 3482 1447 3526 Μ
1480 3495 1541 3527 ex
1697 3475 2022 3547 Ἀλκιβιάδου
2059 3483 2089 3528 b
2127 3496 2206 3529 om
2245 3481 2287 3528 O
2315 3480 2334 3545 11
2364 3483 2424 3529 17
2471 3476 2530 3532 δὲ
2566 3495 2645 3527 om

596 3561 1042 3633 Βεέξερχόμενοςη
1070 3564 1218 3632 21122
1232 3563 1539 3616 δέδωκεΕΡ
1699 3566 1741 3612 Ο
1765 3567 1795 3612 b
1846 3565 1865 3630 n
1896 3570 1956 3614 19
1995 3564 2414 3628 συντασσομένοις
2449 3564 2552 3612 LO
2590 3567 2646 3612 ft

1698 3648 2102 3716 συντασσόμενος
2160 3668 2191 3712 p
2235 3651 2254 3715 ΙΙ
2300 3654 2360 3699 21
2424 3646 2647 3709 πτώσεις

728 3741 743 3772 ¹
1698 3733 2012 3801 ἐπιφέρουσιν
2036 3738 2069 3784 b
2095 3732 2413 3800 ἐπιφέροντες
2442 3733 2644 3802 (omisso

1615 3857 1622 3933 Ι
1696 3819 1937 3885 πτώσεις)
1955 3821 1997 3868 Ο
2024 3821 2043 3888 ΙΙ
2071 3819 2220 3887 21122
2247 3815 2343 3872 εἴθ’
2364 3814 2529 3879 οὕτως
2551 3822 2592 3867 L
2609 3821 2642 3867 b

1697 3922 1776 3954 om
1801 3906 1844 3954 O
1870 3906 1891 3975 u
1919 3910 1982 3956 22
2020 3903 2112 3965 τὰς
2136 3901 2343 3964 δοτικάς
2367 3905 2411 3953 Ο
2438 3901 2531 3963 τὰς
2565 3921 2644 3953 om

1696 3994 1736 4039 L
1763 3993 1794 4040 b
1834 3992 1858 4059 ῃ
1897 3996 1960 4042 23
1996 3988 2228 4055 Μυρίνης
2253 3994 2294 4038 L
2326 3988 2588 4054 Μυρρίνης
2611 3993 2643 4039 b

1697 4094 1777 4127 om
1813 4079 1856 4128 O
