3234 4950
541 373 642 433 111
1358 408 1440 420 .-
1532 372 1612 437 73
1703 408 1782 423 ,-

535 565 730 604 remus
786 546 851 603 in
914 545 1087 605 initio
1146 537 1411 618 Ῥόδιον,
1480 548 1597 605 τῶν
1657 540 2025 626 δωριζόντων
2087 544 2151 605 ἐν
2212 548 2284 631 τῇ
2351 538 2588 627 ἀκράτῳ

538 646 765 731 δοτικῇ.
861 649 1065 729 Neque
1128 652 1283 710 enim
1333 651 1473 730 quid
1521 652 1600 710 sit
1645 642 1900 728 ἄκρατος
1947 644 2153 726 δοτική
2200 650 2587 726 intellegitur.

537 753 679 811 Cum
729 744 986 828 ἄκρατος
1032 754 1104 811 de
1147 773 1298 829 pura
1328 753 1576 813 dialecto
1608 761 1670 814 et
1702 773 1862 813 mera
1892 754 2110 813 Dorica
2141 756 2332 814 forma
2367 754 2583 812 dictum

535 855 988 932 inveniatur1),
1051 856 1195 912 mihi
1255 875 1317 915 se
1379 856 1598 915 obtulit
1656 857 1994 917 coniectura
2053 858 2173 915 τῶν
2216 847 2588 935 δωριζόντων

537 959 608 1039 τῇ
669 951 909 1039 ἀκράτῳ
965 955 1208 1035 Δωρίδι.
1304 957 1437 1023 Qua
1491 960 1742 1035 probata
1800 960 2161 1036 praepositio
2221 956 2282 1017 ἐν
2342 959 2591 1018 delenda

536 1067 654 1134 est,
718 1062 790 1120 cf.
840 1061 1188 1121 Heraclidae
1250 1063 1323 1121 fr.
1391 1065 1466 1119 61
1534 1063 1600 1122 F.
1648 1063 1726 1125 H.
1774 1063 1842 1123 G.
1892 1063 2142 1122 Mueller
2196 1063 2262 1121 11
2328 1083 2384 1138 p.
2435 1065 2589 1120 263:

535 1160 815 1239 ’Έλληνες
859 1158 965 1238 μὲν
1009 1156 1120 1242 γάρ
1183 1161 1289 1223 εἰσι
1336 1165 1419 1244 τῷ
1462 1159 1613 1243 γένει
1662 1161 1764 1223 καὶ
1811 1167 1941 1235 ταῖς
1984 1168 2219 1239 φωναῖς
2263 1161 2588 1240 ἑλληνίζου-

536 1285 630 1327 σιν
691 1264 797 1351 (οἱ)
859 1258 972 1338 ἐφ’
1007 1260 1313 1343 ’Ἕλληνος
1358 1259 1669 1345 Ἀθηναῖοι
1717 1263 1780 1328 δὲ
1825 1265 1889 1327 οἱ
1927 1262 2036 1343 τὴν
2077 1261 2346 1345 Ἀττικὴν
2390 1288 2586 1326 κατοι-

538 1373 783 1441 κοῦντες
819 1365 1080 1429 Ἀττικοὶ
1125 1366 1231 1446 μέν
1277 1368 1386 1430 εἰσι
1431 1373 1513 1454 τῷ
1559 1369 1731 1451 γένει,
1778 1376 1906 1442 ταῖς
1950 1368 2014 1431 δὲ
2060 1368 2385 1442 διαλέκτοις
2429 1365 2584 1430 ἆττι-

536 1474 829 1547 κίζουσιν,
910 1467 1110 1552 ὥσπερ
1172 1477 1422 1552 Δωριεῖς
1488 1470 1594 1551 μὲν
1662 1473 1726 1534 οἱ
1788 1467 1907 1534 ἀπὸ
1971 1470 2192 1553 Δώρου
2268 1477 2339 1558 τῇ
2411 1473 2589 1556 φωνῇ

537 1576 914 1656 δωρίζουσιν,
992 1574 1308 1648 αἰολίζουσι
1384 1572 1447 1636 δὲ
1524 1576 1587 1637 οἱ
1642 1570 1761 1636 οἷπὸ
1800 1572 2062 1645 Ἀἰόλου,
2123 1571 2346 1650 ἰάζουσι
2406 1572 2466 1636 δὲ
2531 1574 2593 1635 οἷ

537 1675 659 1740 ἀπὸ
691 1673 903 1750 Ἴωνος
951 1682 1055 1738 τοῦ
1088 1674 1338 1743 Ξούθου
1368 1675 1603 1755 φύντες.
1697 1679 1868 1744 Quod
1907 1682 2291 1761 sequentibus
2336 1681 2589 1757 scriptor

537 1792 946 1861 argumentum
1010 1784 1115 1842 τοῦ
1184 1778 1477 1860 σχήματος
1538 1777 1786 1861 μάλιστα
1849 1785 1966 1843 τῶν
2010 1778 2382 1860 δωριζόντων
2426 1783 2587 1841 addi-

538 1886 640 1958 dit,
687 1887 844 1947 tituli
890 1888 1073 1947 verba
1118 1866 1607 1964 plane'repetere
1654 1889 1863 1960 noluit,
1911 1890 2011 1947 sed
2058 1889 2129 1970 τῇ
2174 1881 2415 1967 ἀκράτῳ
2456 1889 2587 1944 Δω-

537 1988 658 2068 ρίδι
704 1991 955 2050 licenter
1001 1991 1230 2063 omisit,
1289 1990 1500 2051 vocula
1560 1997 1755 2051 autem
1803 1983 2054 2065 μάλιστα
2113 1991 2389 2050 adiuncta
2432 1989 2587 2047 indi-

536 2113 698 2154 casse
740 2096 977 2154 videtur
1021 2095 1243 2170 figurae
1288 2115 1458 2155 usum
1504 2101 1739 2171 praeter
1775 2095 2038 2155 Rhodios
2082 2113 2264 2173 purae
2314 2092 2589 2170 Δωρίδος

534 2198 853 2274 participes
899 2217 1200 2258 occurrere
1246 2199 1502 2277 quidem,
1549 2199 1650 2257 sed
1696 2218 1848 2257 raro.

706 2323 762 2379 p.
815 2307 911 2373 53,
964 2298 1061 2382 8l9
1096 2304 1168 2360 A.
1257 2297 1358 2358 καὶ
1421 2293 1528 2377 τήν
1575 2300 1779 2380 ισφίν’
1841 2303 1913 2360 ab
1979 2305 2329 2376 excerptore
2390 2299 2587 2357 addita

536 2425 663 2464 esse
710 2405 900 2465 credo.
988 2405 1139 2462 Nam
1201 2424 1277 2462 ex
1329 2403 1420 2478 iis,
1481 2422 1632 2484 quae
1678 2404 1901 2463 Dorum
1959 2403 2202 2483 propria
2259 2420 2385 2461 esse
2445 2421 2585 2460 con-

537 2512 760 2580 stabat,
820 2510 1071 2585 scriptor
1128 2514 1534 2582 argumentum
1595 2509 1889 2584 petiturus
1950 2513 2106 2581 erat,
2185 2505 2327 2580 σφίν
2389 2511 2584 2564 autem

520 2613 818 2686 ⁴Doricum
880 2632 1007 2671 esse
1073 2631 1359 2690 nusquam
1422 2612 1787 2687 grammatici
1833 2617 2145 2671 testantur.
2235 2612 2435 2689 Atque
2481 2629 2583 2666 ex-

539 2722 771 2793 cerptor
814 2716 977 2791 ipse,
1040 2715 1181 2795 quid
1238 2734 1272 2772 a
1331 2734 1393 2773 se
1458 2719 1651 2773 ortum
1710 2716 1820 2788 sit,
1881 2714 2158 2791 prodidit,
2207 2733 2337 2772 cum
2384 2712 2585 2786 singu-

538 2819 718 2877 larem
766 2811 915 2894 αὕτη
963 2810 1073 2895 γὰρ
1106 2862 1118 2875 .
1153 2860 1165 2874 .
1199 2860 1213 2875 .
1247 2811 1541 2893 δηλωτική
1587 2817 1895 2891 retineret,
1954 2817 2055 2896 qui
2102 2817 2172 2874 ad
2221 2835 2403 2874 unum
2449 2833 2583 2889 pro-

538 2941 752 2980 nomen
800 2918 937 2999 (τίν)
983 2920 1260 2997 pertinet.

708 3045 764 3101 p.
816 3029 911 3096 53,
961 3027 1056 3083 10.
1145 3024 1290 3082 Post
1351 3024 1726 3099 negationem
1788 3024 2002 3082 omisso
2063 3021 2350 3082 vocabulo
2414 3010 2585 3087 ἄλλος

536 3126 884 3205 particulam
934 3119 969 3203 ἤ
1010 3128 1151 3205 poni
1198 3127 1371 3186 docet
1412 3127 1666 3185 Kiihner
1710 3123 1743 3205 5
1794 3132 1913 3185 542
1960 3128 2094 3186 adn.

678 3400 730 3463 1)
765 3402 999 3460 Hermog.
1034 3397 1151 3462 περὶ
1189 3397 1336 3451 ἰδεῶν
1374 3401 1447 3448 cd.
1484 3401 1699 3461 Spengel
1735 3401 1811 3450 rh.
1851 3399 1935 3447 Gr.
1962 3402 2012 3447 11
2036 3403 2153 3458 423,
2174 3403 2271 3449 23:
2307 3393 2586 3455 Ἑκαταῖος

538 3481 597 3537 δὲ
633 3480 660 3535 ό
697 3482 984 3549 Μιλήσιος.
1016 3518 1027 3530 .
1061 3520 1072 3533 .
1097 3484 1164 3551 τῇ
1201 3483 1453 3550 διαλέκτῳ
1490 3483 1591 3551 (δὲ)
1644 3479 1854 3551 α’κράτῳ
1902 3479 2036 3538 Ἰάδι
2072 3483 2160 3536 καὶ
2195 3477 2255 3536 οιῗ
2293 3481 2581 3551 μεμιγμένῃ

538 3566 862 3637 χρησάμενος
897 3563 1017 3623 οὐδὲ
1053 3567 1183 3621 κατὰ
1220 3566 1304 3621 τόν
1340 3565 1617 3633 Ἡρόδοτον
1654 3569 1856 3637 ποικίλῃ
1894 3561 2050 3635 ἧττόν
2076 3570 2207 3622 ἐστιν
2235 3566 2379 3620 ἕνεκά
2405 3584 2465 3633 γε
2487 3567 2585 3631 τῆς

538 3652 725 3716 λέξεως
758 3654 1034 3719 ποιητικός.
1109 3658 1271 3704 Schol.
1310 3659 1353 3704 A
1380 3654 1424 3706 Θ
1452 3661 1576 3705 378:
1613 3654 1843 3720 mii-dost
1877 3655 2212 3723 προφανεῖσα]
2251 3648 2585 3719 ’Δρίσταρχος

540 3739 929 3805 ιιπροφανέντε”
968 3737 1039 3799 ώς
1074 3740 1364 3805 ι«πληγέντε
1400 3742 1672 3809 κεραυνῷ”
1713 3741 1852 3810 (455)
1890 3742 2111 3800 δυῖκώς·
2150 3736 2177 3793 ό
2214 3739 2274 3793 δέ
2299 3735 2586 3804 Ζηνόδοτος

539 3867 570 3889 ι,
588 3822 816 3891 γηθήσει
849 3825 1190 3892 προφανείσας
1226 3824 1346 3879 ἰδών
1382 3824 1436 3885 ἐς
1461 3829 1644 3879 δοῦπον
1669 3823 1958 3890 οἷκόντων”,
1997 3826 2279 3878 συστέλλων
2303 3822 2396 3890 τὴν
2419 3825 2583 3875 τελευ-

539 3909 700 3972 ταίαν,
736 3909 1088 3976 παροξυτόνως
1123 3910 1496 3978 προφερόμενος
1535 3909 1962 3980 [μετ’ἐκτοῖσεως
1984 3913 2071 3963 τοῦ
2102 3912 2172 3979 α].
2212 3910 2320 3963 ἔστι
2343 3911 2403 3964 δὲ
2428 3904 2582 3974 ἄκροι-

537 4012 619 4048 τον
655 3995 860 4060 Δώριον.
898 3995 1098 4049 σπάνιον
1134 3995 1193 4050 δὲ
1227 3993 1284 4050 τὸ
1321 3996 1515 4049 τοιοῦτο
1549 3995 1684 4061 παρὰ
1720 3999 1795 4067 τῷ
1832 3999 2039 4065 ποιητῇ.
2111 4000 2275 4047 Schol.
2313 4001 2356 4046 A
2385 3997 2428 4047 Z
2454 4000 2579 4045 262:

541 4073 619 4133 ὅτι
653 4075 805 4145 ἄκρον
841 4080 1028 4146 Δώριον
1064 4079 1120 4134 τὸ
1159 4082 1301 4147 τύνη,
1353 4086 1484 4143 quod
1522 4085 1571 4131 in
1608 4078 1825 4149 ἄκρατον
1864 4081 2051 4149 Δώριον
2096 4085 2439 4145 corrigendum
2476 4098 2583 4132 esse

538 4174 704 4217 censet
740 4170 960 4217 Dindorf
997 4168 1118 4237 (vol.
1156 4171 1206 4216 11
1242 4185 1290 4230 p.
1330 4169 1466 4234 38¹1).
