3234 4950
1501 340 1923 410 -92—
2673 348 2728 411 V

851 517 1255 576 Herodianum
1283 519 1339 596 1)
1415 538 1529 577 non
1595 519 1982 579 Lesbonactis
2044 519 2309 580 libellum
2376 520 2732 596 expilavisse

680 620 878 680 statim
940 627 1203 698 apparet.
1308 623 1477 681 Adeo
1542 620 1898 681 Lesbonacti
1972 628 2233 698 praestat
2291 622 2461 700 copia
2533 642 2732 682 rerum

677 722 1025 802 plerumque
1070 724 1501 804 exquisitarum
1529 771 1544 797 ,
1606 730 1675 784 ut
1735 744 1810 783 ne
1857 725 2179 801 genuinum
2227 725 2464 805 quidem
2509 726 2732 785 Lesbo-

679 827 867 886 nactis
899 827 1245 903 opusculum
1277 828 1420 886 haec
1455 828 1653 887 omnia
1696 828 2038 904 praebuisse
2092 827 2379 903 suspicari
2422 828 2732 903 possimus.

677 931 888 1008 Neque
934 930 1294 989 contrarium
1340 930 1612 991 evenisse
1658 932 1825 989 duco.
1916 931 2068 990 Nam
2120 950 2441 990 consensus
2486 949 2604 989 non
2648 930 2734 989 ita

678 1033 877 1108 gravis
923 1038 1028 1106 est,
1076 1037 1144 1092 ut
1189 1033 1618 1092 Lesbonactem
1667 1033 1991 1093 Herodiani
2038 1033 2303 1092 libellum
2348 1038 2486 1092 ante
2532 1032 2732 1092 oculos

677 1137 955 1196 habuisse
1002 1137 1276 1196 arbitrari
1323 1156 1614 1213 cogamur.
1665 1138 1744 1197 Et
1787 1139 1946 1217 quod
1990 1137 2055 1196 in
2088 1137 2400 1196 Pindarico
2432 1138 2732 1197 schemate

678 1240 934 1299 maxime
979 1260 1303 1316 congruere
1348 1240 1643 1314 videntur,
1707 1241 2013 1316 vulgarem
2058 1261 2247 1313 usum,
2309 1246 2384 1299 ex
2432 1259 2550 1320 quo
2596 1240 2732 1299 sub·

679 1343 955 1404 stantivis
999 1343 1327 1421 pluralibus
1371 1346 1642 1405 neutrius
1679 1346 1914 1421 generis
1957 1345 2256 1420 singulare
2299 1346 2545 1405 verbum
2593 1364 2733 1403 con·

678 1447 975 1523 iungitur,
1053 1467 1087 1507 a
1150 1467 1310 1507 more
1360 1448 1690 1521 Pindarico,
1751 1449 1853 1527 qui
1913 1448 2252 1507 nominibus
2313 1447 2617 1507 femininis
2675 1452 2735 1506 et

678 1549 1018 1610 masculinis
1079 1551 1379 1627 singulare
1434 1553 1679 1611 verbum
1743 1552 2027 1624 conectit,
2090 1552 2376 1610 deducere
2437 1550 2626 1611 cuivis
2669 1551 2733 1608 in

679 1659 958 1730 promptu
990 1661 1131 1715 erat.
1179 1654 1411 1714 Testem
1444 1654 1634 1712 habeo
1657 1654 1857 1730 Apoll.
1888 1653 2084 1731 Dysc„
2121 1654 2223 1733 qui
2258 1654 2295 1714 l.
2320 1655 2356 1712 l.
2397 1652 2495 1731 (de
2519 1660 2734 1715 constr.

678 1777 736 1832 p.
785 1762 906 1815 223
953 1757 1101 1834 fin.)‚
1155 1778 1283 1817 cum
1332 1758 1536 1816 miram
1590 1756 1754 1816 illam
1802 1757 2288 1817 consuetudinem
2334 1763 2734 1832 perscrutare-

679 1867 805 1933 tur,
869 1880 1020 1940 quae
1080 1860 1422 1919 nominibus
1467 1860 1797 1937 pluralibus
1855 1859 2165 1919 masculini
2213 1866 2273 1919 et
2316 1859 2588 1919 feminini
2636 1880 2733 1935 ge-

682 1962 841 2022 neris
871 1963 1122 2039 pluralia
1152 1965 1351 2035 verba,
1407 1963 1795 2024 substantivis
1825 1963 2154 2039 pluralibus
2188 1962 2457 2022 neutrius
2502 1962 2735 2038 generis

683 2065 1007 2142 singularia
1050 2069 1270 2144 apponi
1315 2068 1509 2140 iubet,
1576 2068 1792 2126 diserte
1838 2087 1940 2126 eos
1985 2066 2258 2126 reiecisse
2302 2067 2571 2140 videtur,
2632 2066 2733 2145 qui

681 2190 849 2228 usum
910 2171 1213 2244 vulgarem
1277 2192 1353 2229 ex
1398 2171 1642 2229 Pindari
1706 2170 1805 2230 vel
1849 2171 2205 2230 Boeotorum
2266 2170 2456 2246 figura
2504 2174 2735 2246 repete-

680 2279 849 2333 rent:
895 2268 1038 2332 οὔδὲ
1082 2268 1193 2352 γάρ
1242 2270 1432 2333 ἐκεῖνο
1478 2267 1544 2333 τό
1592 2266 1827 2352 ἄπορον
1873 2264 2092 2333 ἐπιλύει
2141 2263 2223 2342 ὥς
2256 2266 2550 2331 Βοιώτιόν
2580 2268 2737 2331 ἐστιν

681 2373 828 2445 ἔθος
873 2370 1084 2453 ὅμοιον
1127 2379 1208 2458 τῷ
1253 2371 1416 2453 παρά
1455 2370 1743 2458 Πινδάρῳ
1788 2368 2054 2457 ιιοῖχεῖται
2086 2371 2308 2451 μελέων
2339 2368 2452 2434 σῦν
2485 2366 2735 2444 αὖλοῖς”

683 2481 778 2560 (fr.
827 2486 905 2540 45
967 2482 1104 2541 Boe.
1155 2483 1231 2541 75
1301 2504 1356 2542 v.
1410 2487 1487 2539 20
1557 2482 1804 2558 ng.4>.
1910 2481 2234 2541 Notissima
2307 2484 2506 2540 autem
2568 2486 2738 2539 erant

687 2586 963 2661 exempla
1008 2586 1372 2646 Hesiodeum
1409 2586 1630 2661 Theog.
1667 2591 1783 2646 321
1813 2585 1871 2664 ²)
1921 2589 1982 2644 et
2026 2585 2407 2644 Homericum
2436 2585 2486 2640 B
2518 2588 2632 2642 135
2655 2582 2733 2660 3).

826 2839 876 2904 1)
913 2843 1050 2889 Haec
1086 2843 1181 2889 tria
1216 2842 1466 2889 schemata
1488 2843 1804 2889 Herodianus
1840 2857 1900 2890 ex
1938 2841 2140 2902 optimis
2166 2831 2385 2888 fontibus
2412 2840 2732 2900 deprompsit.

684 2930 809 2975 Nam
845 2928 1063 2989 Ibyciam
1097 2928 1323 2988 figuram,
1377 2942 1656 2988 quanquam
1708 2928 1856 2975 etiam
1895 2922 2181 2987 συντάξεως
2215 2927 2412 2983 dicitur,
2459 2933 2623 2974 tamen
2661 2940 2735 2973 re·

684 3028 805 3062 vera
839 3013 1032 3061 adiecta
1069 3018 1259 3061 tantum
1295 3014 1470 3062 tertiae
1506 3015 1807 3062 coniunctivi
1845 3028 2084 3074 personae
2122 3011 2317 3073 syllaba
2353 3026 2404 3062 σι
2439 3012 2555 3059 oriri
2586 3011 2738 3059 refert

682 3106 732 3148 et
767 3100 983 3148 illustrat
1019 3101 1245 3161 exemplo
1281 3142 1306 3163 u
1328 3096 1584 3166 ἐγείρῃσιν
1601 3098 1628 3121 ”
1662 3094 1775 3150 οἷντὶ
1810 3097 1897 3150 τοῦ
1936 3095 2125 3164 ἐγείρῃ.
2186 3101 2324 3158 Quae
2349 3099 2596 3146 sententia
2619 3112 2733 3145 con·

682 3186 815 3246 gruit
861 3201 974 3234 cum
1026 3187 1361 3246 Aristarchea,
1423 3201 1571 3246 quam
1622 3186 1890 3234 Lesbonax
1942 3187 2171 3246 neglexit.
2245 3183 2407 3232 Etiam
2442 3186 2495 3231 in
2531 3200 2589 3231 eo
2625 3183 2734 3230 Ari-

681 3272 865 3321 starchi
902 3272 1116 3332 vestigia
1149 3286 1372 3331 premere
1406 3272 1625 3331 videtur,
1676 3273 1807 3333 quod
1858 3273 2137 3332 exemplum
2188 3287 2246 3319 ex
2282 3271 2539 3318 Alcmanis
2574 3272 2731 3317 altero

681 3359 897 3406 carmine
948 3364 1194 3419 sumptum
1231 3358 1391 3404 addit:
1445 3360 1539 3406 hoc
1586 3360 1716 3406 enim
1763 3359 1974 3405 occurrit
2022 3359 2073 3404 in
2121 3358 2311 3406 scholio
2349 3375 2381 3407 κ
2419 3360 2535 3416 513,
2591 3356 2733 3402 Pind.

682 3446 827 3506 Pyth.
865 3446 936 3491 IV
975 3447 1090 3501 318,
1128 3459 1253 3504 quae
1290 3460 1348 3492 ex
1385 3444 1717 3493 Aristarcheis
1758 3445 1900 3492 libris
1935 3459 2163 3492 manasse
2198 3450 2344 3492 antea
2379 3443 2448 3507 (p.
2491 3440 2577 3506 77)
2612 3442 2731 3488 dixi-

682 3546 808 3580 mus.
880 3531 1107 3590 Denique
1159 3531 1337 3579 eximia
1372 3537 1500 3590 sunt,
1554 3545 1680 3591 quae
1725 3532 1777 3579 in
1822 3533 1978 3579 altera
2013 3530 2260 3578 Pindarici
2296 3530 2559 3578 schematis
2594 3533 2735 3589 parte

682 3622 1025 3679 exponuntur3
1060 3617 1183 3665 haec
1219 3615 1485 3664 Lesbonax
1521 3617 1824 3665 obscuravit.

817 3705 875 3750 In
928 3703 1129 3762 reliquis
1178 3701 1352 3764 figuris
1400 3703 1740 3752 Herodianum
1793 3709 2016 3751 secutum
2050 3717 2161 3751 esse
2196 3702 2468 3750 Alexandri
2502 3701 2735 3749 Numenii

681 3790 1052 3848 auctoritatem,
1099 3790 1235 3837 cuius
1288 3785 1404 3852 περὶ
1458 3786 1740 3856 σχημάτων
1788 3790 2081 3850 opusculum
2131 3789 2439 3836 decurtatum
2491 3792 2733 3847 tenemus,

682 3877 849 3924 docuit
885 3875 1234 3934 Wilamowitz,
1271 3875 1439 3936 Antig.
1481 3874 1675 3936 Caryst.
1712 3890 1761 3936 p.
1802 3878 1884 3935 52,
1921 3875 2033 3923 adn.
2074 3877 2154 3922 12.

819 3961 872 4025 2)
910 3963 973 4008 cf.
1007 3961 1250 4022 Wilpert:
1289 3962 1350 4009 de
1385 3961 1623 4009 schemat.
1659 3962 1801 4009 Pind.
1841 3967 1934 4010 etc.
1971 3976 2019 4021 p.
2060 3962 2122 4010 36
2162 3975 2236 4021 sq.

820 4050 873 4109 3)
909 4048 971 4096 cf.
1011 4061 1161 4111 supra
1196 4063 1244 4112 p.
1285 4049 1350 4096 58
1387 4051 1435 4095 et
1469 4048 1640 4111 Apoll.
1676 4048 1827 4112 Dysc.
1866 4048 1928 4097 de
1964 4051 2145 4096 constr.
2184 4062 2233 4110 p.
2274 4048 2389 4107 224,
2428 4048 2511 4096 28.
