3234 4950
1385 380 1468 390 -
1560 343 1854 411 104-
2560 348 2649 410 VI

594 518 902 591 scholium,
947 520 1021 578 de
1066 539 1184 598 quo
1216 519 1429 595 agitur,
1461 519 1909 596 archiepiscopo
1940 520 2321 580 tribuendum
2351 520 2449 594 sit,
2479 539 2650 598 prae-

593 620 795 680 sertim
841 641 974 680 cum
1019 675 1049 701 ι,
1065 622 1346 699 sophistis
1376 622 1807 700 posterioribus
1838 622 2057 682 eximie
2089 622 2413 682 delectatus
2443 625 2643 684 videa-

592 728 690 781 tur
735 741 862 783 esse
881 722 911 747 ’'
955 724 1036 801 (p.
1085 724 1120 782 7
1129 730 1226 797 83,
1276 724 1357 803 5).
1448 726 1729 785 Aretham
1784 731 1979 784 autem
2044 702 2429 785 Lesbonactis
2503 746 2649 802 opu-

594 825 821 884 sculum
880 828 951 887 de
995 827 1202 903 figuris
1248 829 1646 905 conscriptum
1707 828 2041 904 inspexisse
2104 829 2264 887 infra
2307 828 2484 907 (VII)
2544 849 2651 888 ex-

593 949 828 1004 ponam.

764 1033 1185 1110 Disputatione
1246 1035 1521 1095 instituta
1579 1035 1699 1092 iam
1744 1034 2014 1093 ducimur
2059 1036 2131 1092 ad
2179 1036 2323 1093 duas
2366 1035 2653 1111 epistulas

595 1135 945 1195 Lesbonacti
996 1137 1225 1195 cuidam
1270 1137 1603 1215 inscriptas,
1652 1156 1803 1215 quae
1838 1137 1997 1196 iuter
2026 1136 2312 1212 epistulas
2340 1137 2649 1215 Apollonii

595 1236 928 1315 Tyanensis
972 1244 1244 1299 exstant:

773 1340 830 1415 1)
877 1342 969 1401 ed.
1032 1343 1264 1419 Kayser
1327 1346 1487 1400 1844
1550 1362 1609 1419 p.
1658 1346 1760 1415 48,
1820 1342 2094 1400 Hercher
2154 1342 2494 1419 epistologr.
2549 1342 2650 1401 Gr.

595 1462 651 1518 p.
706 1446 855 1502 114:

903 1537 1016 1620 φιβ’.
1109 1539 1520 1622 Λεσβῶνακτι.
1615 1550 1727 1605 Δεῖ
1782 1543 2072 1606 πένεσθαι
2126 1542 2232 1623 μὲν
2293 1538 2375 1616 ὥς
2436 1538 2649 1627 ἄνδρα,

1105 1650 1380 1707 πλουτεῖν
1423 1645 1488 1707 δὲ
1534 1642 1615 1719 ὥς
1661 1641 2011 1727 ἄνθρωπον.

767 1752 831 1829 2)
877 1753 968 1812 ed.
1017 1753 1247 1830 Kayser
1289 1774 1349 1830 p.
1398 1757 1495 1825 55,
1544 1755 1815 1813 Hercher
1858 1775 1914 1831 p.
1966 1757 2109 1813 122.

906 1848 1011 1925 ga'.
1112 1842 1520 1931 Aecssodvmin.
1611 1847 1973 1932 Ἀνάχαρσις
2032 1846 2070 1914 ὅ
2113 1849 2370 1931 Σκύθης
2429 1841 2506 1931 ἦν
2550 1870 2648 1913 σο-

1110 1950 1248 2032 φός,
1297 1955 1352 2015 εἰ
1393 1953 1456 2016 δὲ
1501 1951 1778 2034 Σκύθης,
1825 1951 1918 2016 ὅτι
1962 1955 2065 2016 καὶ
2111 1950 2391 2034 Σκύθης.

766 2061 912 2119 Cum
969 2061 1034 2119 in
1098 2061 1314 2120 litteris
1364 2061 1511 2137 ipsis
1570 2082 1690 2121 non
1756 2068 2055 2134 occurrat,
2116 2063 2271 2120 unde
2334 2061 2651 2140 quicquam

594 2164 666 2222 de
712 2164 1080 2224 Lesbonacte
1126 2164 1432 2236 discamus,
1475 2165 1798 2224 videndum
1846 2172 1951 2238 est,
2001 2184 2143 2222 num
2191 2164 2334 2243 quid
2377 2162 2530 2223 lucis
2574 2165 2647 2222 ab

593 2270 833 2325 auctore
877 2267 1018 2326 huic
1061 2267 1289 2325 homini
1334 2266 1641 2340 affulgeat.
1710 2268 1927 2326 Verum
1973 2267 2113 2326 hinc
2158 2285 2397 2345 quoque
2440 2285 2649 2344 parum

594 2368 948 2445 proficimus.
1031 2370 1183 2428 Nam
1229 2369 1518 2448 quidquid
1563 2369 1840 2428 statueris
1886 2371 1957 2427 de
2001 2369 2337 2447 suspicione
2381 2369 2643 2429 virorum

595 2472 916 2544 doctorum,
978 2472 1080 2550 qui
1140 2473 1348 2529 harum
1411 2471 1797 2547 epistularum
1860 2472 2034 2531 fidem
2094 2471 2157 2529 in
2218 2471 2649 2531 dubitationem

592 2581 958 2634 vocaverunt
978 2575 1054 2649 ¹),
1099 2593 1175 2632 ne
1222 2575 1293 2632 de
1336 2579 1531 2633 aetate
1576 2575 1815 2654 quidem
1874 2574 2056 2633 huius
2099 2575 2256 2649 magi
2304 2574 2404 2636 vel
2448 2574 2649 2650 sophi-

596 2682 719 2735 stae
766 2676 910 2735 satis
955 2683 1201 2736 constat.
1276 2677 1642 2736 Philostrato
1690 2677 1849 2736 enim
1894 2683 1954 2735 et
1983 2677 2165 2737 Suida
2208 2677 2461 2737 testibus
2490 2676 2650 2735 illius

594 2786 759 2838 aetas
803 2779 980 2854 primi
1011 2799 1068 2855 p.
1100 2779 1235 2839 Chr.
1269 2801 1327 2839 n.
1359 2799 1509 2839 saec.
1541 2780 1667 2838 fere
1699 2780 1918 2839 finibus
1950 2780 2391 2858 circumscripta
2421 2784 2548 2839 erat
2570 2776 2648 2856 ¹³).

596 2882 951 2941 chronicum
997 2888 1204 2942 contra
1248 2883 1532 2942 Paschale
1581 2882 1966 2958 Apollonium
1995 2883 2366 2961 Tyanensem
2414 2902 2648 2959 magum

595 3004 646 3043 a.
694 2990 773 3042 93
820 3005 879 3062 p.
926 2985 1062 3044 chr.
1108 3005 1167 3045 n.
1210 2984 1514 3057 floruisse,
1572 3004 1625 3044 a.
1678 2988 1796 3043 123
1845 2986 1998 3044 diem
2045 3005 2385 3061 supremum
2434 2986 2649 3045 obiisse

737 3169 785 3236 1)
822 3173 985 3219 Baur:
1036 3173 1336 3232 Apollonius
1385 3186 1484 3219 von
1535 3171 1709 3232 Tyana
1758 3172 1858 3218 und
1910 3171 2140 3219 Christus
2176 3176 2269 3220 etc.
2308 3186 2353 3231 p.
2403 3174 2501 3221 102
2553 3169 2650 3236 (ed.

594 3258 761 3305 Zeller
795 3272 841 3317 p.
881 3255 983 3320 99),
1019 3258 1251 3319 Kayser:
1288 3258 1442 3319 praef.
1479 3258 1545 3304 ad
1579 3257 1672 3305 vit.
1711 3258 1946 3317 Apollon.
1983 3271 2031 3316 p.
2069 3257 2133 3315 V,
2169 3258 2549 3305 Westermann:
2590 3257 2651 3305 de

595 3345 920 3403 epistularum
955 3343 1278 3403 scriptoribus
1315 3342 1519 3390 Graecis
1553 3343 1605 3388 H
1643 3344 1722 3390 15.

735 3426 786 3492 2)
821 3429 1156 3478 Philostratus
1191 3428 1511 3489 Apollonium
1545 3428 1696 3489 paulo
1733 3432 1994 3488 postquam
2029 3429 2194 3475 Nerva
2218 3428 2506 3476 Domitiano
2542 3443 2649 3477 suc-

596 3516 746 3563 cessit
794 3514 860 3580 (a.
899 3513 986 3575 96)
1036 3518 1283 3561 mortuum
1331 3528 1440 3561 esse
1486 3519 1657 3561 narrat
1705 3514 1819 3574 (vit.
1855 3515 2020 3573 Apoll.
2057 3514 2179 3560 VIII
2235 3517 2296 3562 27
2336 3510 2463 3580 sq.);
2519 3516 2653 3575 quod

597 3602 721 3649 alios
759 3600 1023 3661 octoginta,
1058 3601 1184 3648 alios
1219 3600 1508 3660 nonaginta,
1559 3600 1687 3648 alios
1736 3603 1934 3648 centum
1986 3600 2090 3647 fere
2123 3600 2257 3647 vitae
2291 3614 2451 3648 annos
2488 3601 2533 3648 ei
2570 3601 2653 3649 de-

598 3688 730 3735 disse
765 3686 978 3746 scriptor
1001 3686 1152 3744 addit,
1188 3685 1296 3745 ipse
1335 3699 1534 3745 magum
1573 3681 1934 3749 ὲκατοντούτην
1959 3686 2179 3746 appellat
2215 3683 2284 3750 (v.
2313 3687 2481 3746 Apoll.
2503 3688 2529 3732 Ι
2549 3683 2654 3751 14),

596 3774 683 3833 qui
718 3773 818 3819 iam
854 3786 899 3818 a.
939 3774 1002 3820 17
1037 3786 1087 3832 p.
1126 3770 1241 3818 Chr.
1279 3787 1326 3818 n.
1364 3769 1568 3818 Ciliciae
1602 3771 1823 3831 praesidi
1858 3773 1960 3818 fata
2009 3772 2319 3819 imminentia
2353 3772 2652 3820 vaticinatus

598 3863 688 3905 est.
729 3856 783 3924 (l.
820 3858 853 3908 1.
890 3859 916 3903 Ι
955 3859 1018 3905 12
1070 3857 1129 3904 cf.
1180 3857 1336 3904 Tacit.
1387 3871 1504 3904 ann.
1538 3858 1589 3903 11
1623 3860 1688 3906 41
1728 3871 1805 3918 sq.
1850 3858 1951 3905 Dio
1998 3857 2137 3906 Cass.
2174 3859 2257 3918 5⁷,
2299 3859 2401 3918 1⁷).
2473 3858 2654 3906 Suidae

600 3957 639 3991 s,
678 3958 727 3989 v.
765 3934 1100 4000 Ἀπολλώνιος
1147 3944 1268 3991 haec
1316 3948 1462 3992 sunt:
1517 3932 1727 4007 ἤκμαζε
1777 3938 1863 3993 ἐπὶ
1909 3941 2167 3994 Κλαυδίου
2218 3940 2307 3994 καὶ
2355 3940 2518 3995 Γαίου
2566 3941 2655 3995 καὶ

601 4025 839 4094 Νέρωνος
873 4025 964 4078 καὶ
1000 4026 1152 4094 μέχρι
1186 4026 1381 4098 Νέρβα,
1417 4022 1510 4093 ἐφ’
1550 4045 1607 4079 ου
1646 4027 1737 4079 καὶ
1774 4025 2102 4095 μετήλλαξεν.
