3234 4950
1420 324 1845 392 -84-
2445 314 2650 403 ,Ν

603 494 663 571 ἐξ
723 485 796 559 οὗ
859 495 958 558 καὶ
1003 490 1468 576 Ἀλαβανδιακός
1514 494 1890 573 σολοικισμός
1912 498 1988 576 1),
2053 489 2135 567 οἱς
2185 490 2502 570 Φιλόξενος
2545 490 2653 575 τὴν

595 595 955 662 Ὀδύσσειαν
1002 597 1414 683 ἐξηγούμενος,
1468 598 1611 663 ὅταν
1656 594 1696 679 ἦ
1743 596 1883 682 ι(ιη’
1933 596 2065 660 ἀντὶ
2109 602 2214 677 τῆς
2254 592 2393 682 ιοὕ’
2447 588 2652 674 κεῖται,

605 698 687 776 m‘g
730 700 797 765 τό

691 806 818 889 ιιμή
865 802 957 868 δι’
1003 802 1150 885 ἐμὴν
1198 802 1399 885 ἰότητα
1452 801 1804 868 Ποσειδάων
1850 804 2177 885 ἐνοσίχθων
2194 805 2225 834 ”
2272 807 2345 887 (Ο
2390 809 2516 885 41).

771 931 899 990 Iam
945 930 1131 990 nostri
1178 931 1365 991 libelli
1411 932 1635 1007 figurae
1680 932 1782 990 ubi
1828 932 2082 1009 primum
2121 933 2655 990 commemorentur

604 1040 664 1094 et
707 1039 854 1113 quot
897 1033 1240 1112 antiquitati
1287 1036 1569 1109 probatae
1613 1034 1856 1107 fuerint,
1902 1035 2318 1110 exponendum
2364 1034 2495 1095 erit.

775 1136 947 1200 Quod
1013 1138 1132 1196 red.
1179 1138 1237 1195 A
1301 1136 1473 1195 nobis
1536 1143 1673 1213 post
1738 1128 2052 1212 Θηβαϊκόν
2111 1135 2314 1214 (XVI)
2373 1135 2656 1212 proponit

603 1232 739 1298 ἄλλο
798 1241 992 1316 σχῆμα
1052 1231 1176 1297 ἆπὸ
1222 1238 1533 1311 Βοιωτίας,
1603 1232 1639 1297 δ’
1699 1231 1773 1315 δὴ
1834 1237 1937 1298 καὶ
1989 1231 2361 1315 Πινδαρικόν
2410 1235 2654 1319 λέγεται,

604 1344 1000 1415 conferantur,
1046 1361 1199 1421 quae
1245 1342 1596 1402 Heraclides
1645 1343 1910 1402 Milesius
1934 1339 1990 1418 ²)
2039 1349 2099 1402 et
2144 1343 2213 1401 de
2251 1342 2656 1418 superioribus

602 1446 997 1524 grammaticis
1041 1450 1294 1506 testatur
1356 1452 1416 1505 et
1473 1446 1602 1521 ipse
1663 1446 1734 1504 de
1792 1447 1903 1506 hac
1946 1446 2137 1521 figura
2193 1445 2456 1521 disputat
2498 1445 2657 1520 apud

601 1549 977 1609 Eustathium
1022 1569 1079 1625 p.
1135 1553 1313 1621 1885,
1364 1554 1439 1606 58
1487 1550 1559 1607 ad
1605 1569 1643 1606 υ
1696 1554 1849 1607 106;

954 1643 1092 1710 ἕνθ’
1136 1643 1252 1729 ἄρα
1299 1648 1360 1710 οἱ
1399 1643 1576 1728 μύλαι
1622 1649 1779 1709 εἴατο
1826 1647 2066 1727 ποιμένι
2108 1651 2290 1723 λαῶν,

602 1755 702 1814 ubi
749 1774 951 1813 eorum
997 1755 1349 1814 sententiam
1395 1755 1725 1830 improbat,
1780 1755 1882 1833 qui
1928 1755 2392 1815 contenderunt:
2455 1739 2654 1832 ‘firm'

603 1851 801 1917 ἕνικὸν
846 1849 1037 1937 ἤγουν
1080 1850 1347 1933 κάθηται
1390 1853 1666 1935 γενέσθαι
1716 1853 1935 1936 ‘garon’
1980 1853 2078 1915 καὶ
2120 1857 2435 1933 ληφθῆγαι
2468 1857 2655 1915 Βοιω-

604 1962 827 2030 τιακῶς
888 1952 1019 2019 ἀντὶ
1079 1961 1493 2036 πληθυντικοῦ
1552 1962 1660 2020 τοῦ
1704 1947 1878 2036 ἧνται
1922 1955 2144 2040 ‘gatae'
2193 1956 2254 2018 ἐν
2298 1961 2381 2041 τῷ
2427 1959 2536 2039 ιιοῖ
2580 1952 2655 2034 δή

602 2066 712 2122 νῦν
774 2060 937 2122 ἕαται
995 2062 1176 2147 σιγῇ”
1223 2065 1309 2140 (Γ
1323 2063 1483 2141 134).
1564 2057 1599 2122 ὃ
1645 2057 1720 2140 δὴ
1768 2058 2160 2143 ἆπορραπίζει
2204 2054 2240 2121 o‘
2281 2054 2659 2141 Ἡρακλείδης

603 2159 787 2226 εἰπών
845 2159 1131 2226 οὐδέποτε
1192 2161 1296 2225 τόν
1323 2160 1611 2246 “Ομηρον
1674 2163 1891 2236 ἔνικοῖς
1951 2160 2175 2244 ῥήμασι
2216 2167 2477 2244 χρῆσθαι
2526 2157 2654 2223 οἷντὶ

606 2270 1048 2344 πληθυντικῶν,
1095 2263 1376 2348 καθάπερ
1425 2266 1603 2339 ἐνίοις
1651 2270 1932 2329 Βοιωτῶν
1977 2265 2190 2341 ἔδοξεν.

776 2374 847 2431 ad
896 2395 913 2430 ι
970 2377 1062 2446 19,
1108 2393 1164 2448 p.
1219 2377 1398 2446 1613,
1447 2379 1559 2432 25:
1625 2363 1748 2430 εἶτα
1814 2366 2001 2431 εἰπών
2064 2374 2353 2451 (Heracl.)
2399 2365 2660 2450 ἡμαρτῆ-

607 2480 755 2534 σθαι
798 2471 898 2534 καὶ
946 2468 1010 2534 τὸ
1061 2472 1272 2555 ιἐστίν’
1321 2467 1561 2554 (ὤφειλε
1607 2469 1740 2555 γάρ,
1789 2474 1954 2553 φησί,
2000 2469 2153 2535 κατὰ
2198 2467 2262 2536 τὸ
2312 2474 2525 2552 δίδωμι
2575 2474 2657 2535 δι’·

608 2577 753 2637 δωσι
814 2576 917 2636 καὶ
981 2575 1135 2655 φημὶ
1198 2576 1347 2655 φησὶ
1391 2577 1666 2658 λέγεσθαι
1712 2576 1811 2638 καὶ
1860 2576 1979 2656 εἰμὶ
2024 2577 2159 2658 εἰσί)
2205 2575 2306 2638 καὶ
2353 2578 2661 2656 ἐπικρίνας

612 2682 789 2739 τοῦτο
838 2677 1045 2761 ἐπείγει
1089 2674 1182 2741 ὅτι
1225 2678 1325 2740 καὶ
1371 2674 1542 2758 ἡμεῖς
1585 2674 1683 2741 ὅτε
1714 2678 1891 2761 ιεἰσὶν
1921 2679 2167 2741 ἐκεῖνοι’
2218 2680 2475 2758 εἴπωμεν
2520 2685 2661 2758 πλη-

607 2786 930 2860 θυντικῶς,
995 2781 1421 2866 Βοιωτκακ>ῶς
1481 2778 1764 2864 χρώμεθα
1833 2779 2027 2845 ἑνικόν
2085 2783 2248 2864 ῥῆμα
2308 2779 2460 2845 κατὰ
2518 2779 2661 2862 πλή-

606 2891 765 2957 θους
808 2879 1135 2957 τάσσοντες.

780 3010 1005 3066 Morem
1081 3008 1266 3084 igitur
1328 3008 1609 3088 loquendi
1672 3008 1972 3069 Pindarici
2048 3010 2363 3069 schematis
2422 3008 2661 3069 nomine

609 3111 1018 3186 consignatum
1078 3112 1434 3171 Boeotorum
1506 3111 1813 3187 proprium
1888 3131 2017 3171 esse
2081 3112 2480 3187 grammaticis
2544 3112 2660 3169 iam

609 3217 746 3272 ante
807 3213 1182 3273 Heraclidem
1245 3213 1543 3273 Milesium
1598 3220 1841 3290 recepta
1899 3219 2026 3275 erat
2079 3216 2363 3275 doctrina.
2453 3216 2661 3294 Neque

608 3335 750 3377 vero
812 3319 924 3376 hoc
982 3336 1014 3374 e
1075 3317 1460 3376 Lesbonactis
1520 3318 1724 3376 libello
1789 3327 2214 3395 cognoverunt,
2276 3320 2376 3377 sed
2437 3319 2661 3378 Lesbo-

609 3425 840 3479 nactem
892 3420 1221 3479 doctrinam
1267 3420 1676 3496 pervulgatam
1731 3422 2104 3497 adoptavisse
2167 3442 2198 3479 e
2263 3422 2662 3498 disputatione

750 3675 800 3740 1)
836 3677 984 3723 Haud
1018 3678 1226 3725 multum
1262 3691 1292 3724 a
1331 3693 1445 3726 vero
1484 3679 1935 3739 aberraretvidetur
1959 3678 2160 3726 Schmid
2183 3677 2292 3743 (der
2311 3679 2596 3727 Atticismus
2615 3679 2663 3726 11

612 3777 658 3822 p.
698 3763 779 3820 60,
817 3778 866 3809 n.
907 3763 1009 3825 78),
1047 3763 1130 3824 qui
1167 3778 1226 3811 ex
1262 3765 1555 3812 auctoritate
1591 3766 1843 3813 rhetorum
1882 3766 2084 3813 scholae
2119 3764 2182 3813 ab
2220 3766 2454 3814 Hierocle
2491 3772 2539 3814 et
2561 3768 2664 3813 Me-

612 3849 751 3896 necle
788 3847 1038 3896 institutae
1080 3848 1320 3897 rationem
1372 3849 1512 3899 illam
1564 3852 1759 3899 dicendi
1809 3851 1859 3897 in
1898 3865 2041 3899 usum
2076 3857 2325 3911 receptam
2360 3866 2469 3900 esse
2504 3858 2660 3912 putat.

751 3937 803 3994 2)
839 3948 986 3994 quem
1023 3934 1150 3982 inter
1186 3936 1450 3984 Aristonici
1501 3942 1549 3983 et
1584 3936 1837 3997 Apollonii
1874 3938 2026 3998 Dysc.
2064 3942 2286 3996 tempora
2320 3938 2544 3986 floruisse
2581 3940 2661 3985 de·

612 4021 906 4067 monstravit
941 4021 999 4067 L.
1038 4020 1178 4069 Cohu
1232 4021 1315 4086 (de
1351 4022 1613 4083 Heraclide
1651 4023 1842 4071 Milesio
1879 4024 2215 4083 grammatico.
2265 4025 2451 4084 Berlin,
2494 4027 2660 4087 1884).
