3234 4950
550 345 644 403 111
1368 382 1447 392 -—
1540 342 1617 408 71
1711 380 1792 389 --

538 518 746 574 λοῦντο
793 512 1243 593 praeferendum
1291 516 1385 590 sit,
1443 518 1695 578 discerni
1748 519 1968 597 nequit.
2061 519 2206 576 Nam
2256 519 2431 577 etiam
2477 519 2589 577 hoc

539 619 778 679 tolerari
825 625 1051 696 potest:
1097 620 1331 695 Kriiger
1376 620 1407 697 ἓ
1460 625 1560 691 53,
1611 627 1667 693 2,
1715 627 1772 679 4.
1865 640 1876 650 ·

707 742 764 798 p.
815 727 912 795 50,
959 725 1014 780 4.
1104 722 1335 780 Nomen
1390 715 1761 799 Τυρσηνικόν
1806 738 1886 799 σχ.
1954 725 2068 783 hoc
2129 729 2360 784 tantum
2419 726 2589 783 modo

540 826 851 885 defendere
912 825 1087 898 licet,
1148 832 1213 884 ut
1272 826 1689 900 grammaticos
1748 827 1996 902 figuram
2042 828 2195 903 apud
2245 827 2590 904 scriptorem

540 927 825 988 Graecum
882 928 1215 1001 invenisse,
1280 929 1380 1007 qui
1443 935 1618 1003 gente
1684 929 2024 1007 Tyrrhenus
2085 950 2213 988 esse
2274 931 2590 1001 ferebatur,

539 1031 812 1091 dicamus,
860 1032 1010 1090 Nam
1056 1031 1262 1106 figuris
1306 1032 1546 1090 nomina
1591 1052 1625 1089 a
1671 1033 1890 1108 populo
1937 1033 2062 1093 sive
2109 1034 2299 1109 patria
2344 1033 2589 1109 scripto-

540 1154 686 1206 rum,
748 1134 901 1210 apud
949 1155 1098 1213 quos
1142 1133 1375 1193 dicendi
1419 1135 1682 1193 rationes
1726 1136 2139 1195 memorabiles
2186 1137 2587 1206 occurrebant,

538 1237 726 1295 indita
770 1256 895 1295 esse
941 1237 1098 1293 infra
1143 1237 1541 1296 demonstrare
1588 1238 1856 1297 studebo.
1947 1245 2145 1319 Atque
2189 1238 2583 1317 Pythagoram

538 1338 909 1416 Tyrrhenum
956 1339 1138 1399 fuisse
1184 1345 1365 1398 testes
1411 1345 1550 1398 suut
1593 1340 1767 1416 Diog
1814 1342 2008 1401 Laert.
2041 1343 2201 1402 VIII
2252 1345 2319 1399 1:
2374 1342 2593 1444 ΠυθαἸ

542 1435 724 1520 γόρας
770 1435 1144 1518 Μνησάρχου
1190 1435 1726 1519 δακτυλιογλύφου,
1775 1435 1857 1511 ὥς
1902 1461 2085 1519 φησιν
2111 1438 2489 1523 Ἑρμιππος,
2552 1466 2591 1518 η

541 1565 621 1613 ως
659 1538 1066 1623 Ἀριστόξενος
1106 1536 1415 1623 Τυρρηνός
1459 1536 1578 1603 άπό
1631 1547 1774 1620 μιᾶς
1819 1546 1935 1605 τῶν
1980 1541 2177 1622 νήσων
2209 1541 2280 1617 οἷς
2310 1544 2592 1624 κατέσχον

537 1640 853 1723 Ἀθηναῖοι
907 1640 1252 1724 Τυρρηνούς
1297 1640 1644 1723 ἐκβαλόντες
1690 1650 1806 1706 κτλ.
1876 1649 2055 1708 Clem.
2103 1651 2276 1711 Alex.
2323 1651 2593 1711 Strom.I

535 1752 572 1828 ξ
625 1757 739 1810 129
788 1747 1014 1828 Sylbyev
1052 1745 1431 1829 Πυθαγόρας
1483 1746 1587 1824 μὲν
1632 1737 1742 1809 οὖν
1788 1744 2166 1829 Μνησάρχου
2212 1746 2452 1827 Σάμιος
2499 1746 2580 1822 ἆίς

541 1870 726 1929 φησιν
767 1844 1139 1930 Ἱππόβοτος,
1189 1844 1270 1923 οἷς
1313 1848 1378 1912 δὲ
1405 1845 1804 1930 Ἀριστόξενος
1848 1851 1911 1913 ἐν
1947 1857 2027 1935 τῷ
2064 1849 2441 1934 Πυθαγόρου
2477 1853 2589 1936 βίῳ

542 1953 640 2014 καὶ
678 1951 1063 2033 Ἀρίσταρχος
1106 1952 1208 2014 καὶ
1258 1949 1619 2030 Θεόπομπος
1674 1950 1981 2035 Τυρρηνός
2024 1945 2121 2033 ἦν,
2169 1950 2253 2028 οἷς
2296 1953 2361 2016 δὲ
2395 1952 2587 2017 Νεάν-

538 2063 658 2134 θης
683 2053 908 2137 Σύριος
953 2052 994 2135 ἢ
1041 2051 1278 2137 Τύριος,
1327 2051 1474 2117 ὥστε
1518 2050 1671 2117 εἶναι
1714 2052 1863 2117 κατά
1910 2058 2051 2130 τούς
2096 2058 2399 2130 πλείστους
2442 2055 2583 2138 βάρ-

537 2162 724 2241 βαρον
770 2154 834 2221 τὸ
879 2157 1066 2240 γένος.
1126 2162 1351 2222 Diodor
1395 2161 1456 2220 X
1501 2164 1570 2221 fr.
1624 2168 1660 2222 3
1708 2162 1854 2239 (D.).
1880 2163 1937 2240 l)
2009 2165 2091 2224 Et
2132 2165 2351 2240 scripta
2393 2165 2586 2242 philo-

536 2268 722 2342 sopho
780 2269 918 2343 post
958 2265 1340 2326 Aristotelem
1401 2265 1572 2324 multi
1633 2264 1988 2339 tribuerunt,
2047 2265 2211 2326 inter
2270 2287 2420 2347 quos
2469 2267 2587 2343 pri-

536 2391 694 2428 mum
758 2370 951 2429 locum
1013 2367 1362 2428 Heraclides
1405 2368 1610 2426 Lemb.
1659 2368 1906 2427 obtinet.
1982 2369 2156 2444 Diog.
2205 2370 2271 2431 L.
2329 2368 2480 2428 VIII
2533 2376 2587 2426 6.

534 2473 609 2534 cf.
654 2473 877 2534 Zeller:
922 2472 1144 2532 Philos.
1191 2471 1245 2531 d.
1293 2470 1588 2531 Griechen
1613 2469 1640 2508 4
1679 2470 1712 2529 1
1749 2476 1888 2531 258.
1977 2470 2144 2531 Alios
2190 2470 2585 2552 ‘Tyrrhenos’

536 2576 809 2654 equidem
855 2596 974 2636 non
1021 2576 1180 2638 novi.

706 2700 763 2756 p.
800 2683 897 2753 50,
931 2676 1049 2760 516.
1106 2671 1359 2748 δεούσας
1386 2671 1750 2756 προτάττειν.
1795 2677 2143 2739 Infinitivus
2172 2678 2353 2740 activi
2385 2697 2455 2737 eo
2488 2679 2586 2737 de-

535 2784 695 2843 fendi
741 2787 956 2859 potest,
1017 2782 1175 2861 quod
1219 2780 1528 2841 adiectivis
1571 2781 1739 2841 velut
1785 2771 1951 2851 ἄξιος
1991 2774 2243 2856 χαλεπός
2298 2781 2585 2842 infinitivi

534 2887 712 2947 activi
766 2890 1162 2962 apponuntur,
1224 2883 1327 2943 ubi
1385 2884 1655 2959 passivos
1718 2889 2157 2960 exspectamus,
2219 2885 2292 2943 cf.
2351 2885 2589 2959 Kriiger

536 2987 568 3068 ἓ
616 2994 714 3065 55,
763 2993 821 3061 3,
868 2987 924 3046 ’1.
971 2987 1222 3045 Kiihner
1268 2985 1300 3064 ᾖ
1348 2987 1490 3059 473,
1540 2992 1593 3059 6,
1643 3006 1674 3045 c
1720 2989 1894 3046 Anm.
1949 2991 2041 3045 14.

705 3112 763 3168 p.
788 3097 883 3164 50,
909 3086 1026 3172 7l8.
1074 3080 1507 3168 ίπεριπατήσας
1540 3081 1802 3164 ἆνὲστη’.
1849 3090 1952 3149 fiet
1981 3107 2109 3148 esse
2138 3109 2419 3165 perversa
2449 3109 2584 3150 con-

536 3196 782 3255 structio
830 3195 1193 3253 demonstrat
1236 3196 1298 3252 et
1340 3193 1625 3273 frequens
1667 3212 1810 3251 usus
1848 3191 2013 3251 verbi
2050 3190 2460 3270 ‘neptuatelv’
2508 3194 2583 3251 cf.

534 3297 730 3375 Apoll.
778 3297 957 3374 Dysc.
1003 3297 1074 3355 de
1121 3300 1336 3355 constr.
1390 3299 1485 3369 12,
1534 3300 1590 3355 5.
1658 3299 1756 3372 22,
1811 3300 1903 3354 18.
1971 3300 2067 3368 30,
2118 3300 2195 3353 23
2243 3316 2329 3373 sq.
2378 3295 2475 3368 74,
2528 3301 2582 3354 2.

544 3406 677 3474 108,
726 3403 822 3458 20.
878 3402 1014 3472 118,
1063 3403 1159 3456 22.
1216 3403 1351 3470 124,
1402 3403 1454 3457 5.
1506 3402 1646 3475 198,
1699 3402 1793 3457 16.
1843 3399 1983 3472 207,
2033 3403 2111 3456 22
2160 3402 2271 3458 eto.

673 3534 722 3596 1)
758 3534 1017 3594 Quomodo
1055 3533 1237 3581 factum
1271 3535 1352 3590 sit,
1389 3538 1445 3581 ut
1467 3534 1613 3595 Pyth.
1652 3534 1737 3581 alii
1762 3534 1996 3594 Samium,
2033 3534 2119 3581 alii
2145 3534 2459 3596 Tyrrhenum
2495 3550 2582 3582 no-

533 3625 791 3681 minarent,
827 3621 943 3668 inde
978 3620 1268 3680 explicat-ur,
1303 3620 1436 3679 quod
1470 3620 1668 3669 iuvenis
1706 3635 1766 3668 ex
1790 3620 2161 3682 Tyrrhenorum
2187 3622 2351 3668 insula
2384 3622 2584 3670 Samum

531 3709 911 3770 transmigrasse
964 3706 1203 3753 traditur:
1255 3705 1407 3753 schol.
1459 3706 1589 3753 Plat.
1628 3707 1778 3755 Polit.
1818 3707 1919 3755 600
1950 3707 2013 3753 B:
2070 3701 2389 3770 Πυθαγόρας
2440 3704 2582 3769 Μνη-

532 3790 723 3861 σάρχου
759 3786 1208 3857 δακτυλιογλύφου,
1246 3786 1538 3854 Τυρρηνός·
1576 3789 1687 3849 νέος
1726 3788 1786 3844 δὲ
1822 3782 1892 3843 ὧν
1926 3780 2082 3857 ἦλθεν
2120 3787 2179 3841 ἐκ
2196 3788 2472 3855 Τυρρηνῶν
2511 3789 2583 3849 εἰς

533 3875 714 3943 Σάμον
750 3877 840 3929 καὶ
874 3872 1124 3942 διήκουσε
1158 3873 1488 3940 Φερεκύδους
1521 3876 1608 3928 τοῦ
1647 3875 1838 3942 Συρίου
1874 3878 1981 3929 κτλ.
2028 3878 2247 3941 (Patrem
2272 3872 2581 3944 Μνήσαρχον

533 3959 793 4027 Τυρρηνὸν
828 3958 948 4015 ὄντα
983 3958 1113 4013 κατὰ
1150 3960 1293 4027 γένος
1324 3957 1426 4014 τῶν
1450 3962 1658 4027 Λῆμνον
1691 3961 1781 4014 καὶ
1804 3956 2019 4031 Ἴμβρον
2054 3960 2143 4014 καὶ
2181 3962 2383 4027 Σκῦρον
2419 3978 2581 4013 κατοι-

533 4045 799 4113 κησάντων
835 4047 1111 4112 Τυρρηνῶν
1148 4043 1388 4099 κάκεῖθεν
1408 4044 1749 4113 ’μεταστάντα
1783 4050 1964 4111 diuque
1992 4055 2319 4111 pervagatum
2357 4049 2408 4096 in
2435 4048 2580 4095 Samo

532 4135 816 4184 consedisse
852 4139 1020 4184 narrat
1054 4136 1299 4197 Porphyr.
1339 4152 1386 4184 v.
1421 4136 1570 4197 Pyth.
1608 4137 1639 4198 ξ
1680 4136 1795 4201 10.).
