3234 4950
1105 664 1517 737 Sententiae
1563 669 2094 738 controversae.

750 959 779 1015 Ι
826 959 1061 1036 Polybii
1095 962 1469 1023 historiarum
1502 965 1686 1024 libros
1718 964 1972 1041 amplius
2004 985 2109 1024 sex
2130 970 2268 1025 ante
2287 985 2504 1025 annum
2528 968 2624 1026 CL

829 1064 1185 1140 compositos
1256 1086 1383 1125 esse
1455 1073 1661 1126 contra
1723 1067 2156 1127 Hartsteinium
2237 1068 2479 1146 (Philol.
2541 1075 2619 1127 45

827 1186 884 1241 p.
935 1167 1082 1245 715)
1129 1172 1439 1241 contende,
1486 1189 1826 1249 quanquam
1872 1170 2119 1245 triginta
2149 1170 2334 1229 libros
2366 1154 2620 1231 termino

822 1268 926 1328 illo
958 1271 1313 1331 vetustiores
1344 1292 1470 1331 esse
1503 1272 1827 1331 Thommen
1863 1271 2139 1349 (Hermes
2167 1278 2244 1330 20
2277 1294 2336 1349 p.
2365 1278 2482 1332 196
2505 1276 2619 1354 sq.)

823 1371 1118 1433 incautius
1163 1373 1421 1449 collegit.

707 1475 777 1532 ΙΙ
824 1475 1140 1553 Polybium
1199 1480 1336 1537 ante
1396 1498 1612 1536 aunum
1676 1480 1770 1538 GL
1849 1478 1910 1535 in
1970 1478 2264 1555 Hispania
2320 1485 2619 1540 versatum

822 1597 949 1637 esse
994 1579 1318 1639 Thommen
1367 1580 1654 1658 (Hermes
1687 1587 1765 1639 20
1804 1600 1858 1656 p.
1894 1580 2043 1658 215)
2088 1601 2208 1640 non
2256 1583 2617 1643 demonstra-

819 1681 926 1756 vit,
973 1683 1363 1743 demonstrari
1416 1690 1613 1760 potest
1672 1686 1801 1742 loco
1847 1684 1985 1743 hist.
2033 1684 2094 1740 X
2145 1688 2241 1757 11,
2291 1690 2325 1741 4
2374 1686 2507 1745 coll.
2553 1688 2618 1745 II

823 1788 921 1858 13,
969 1791 1026 1844 2.
2612 1841 2615 1843 e

676 1886 778 1944 III
823 1888 1057 1966 Polybii
1093 1889 1231 1949 hist.
1255 1891 1340 1949 VI
1376 1894 1474 1969 14,
1496 1895 1529 1947 8
1573 1887 1961 1968 Τιβουρηνῶν
1990 1909 2106 1948 non
2133 1891 2475 1950 mutandum
2506 1896 2612 1950 est.

686 1989 773 2046 IV
820 1990 908 2050 De
954 1991 1343 2051 collocatione
1390 1993 1657 2052 attributi
1709 1995 1968 2051 Muchau
2027 1993 2497 2067 (observationes
2543 1996 2613 2052 de

818 2113 1088 2153 sermone
1168 2094 1623 2172 inscriptionum
1698 2095 2029 2154 Atticarum
2106 2096 2322 2155 saeculi
2400 2097 2614 2174 quinti,

815 2196 987 2255 Halis
1032 2198 1089 2256 S.
1144 2201 1303 2257 1882
1351 2219 1408 2274 p.
1463 2197 1736 2274 15—22)
1783 2216 2061 2273 perversa
2106 2198 2448 2274 disputavit.

713 2298 767 2358 V
813 2298 978 2383 Nihil
1021 2288 1226 2362 valent
1271 2320 1420 2380 quae
1465 2319 1621 2361 nova
1664 2309 1802 2376 post
1845 2300 2157 2358 Lehrsium
2188 2301 2360 2360 Foltz
2406 2303 2612 2381 (quac-

811 2404 1036 2463 stiones
1058 2404 1488 2477 Herodianeae,
1523 2404 1767 2461 Bonuae
1794 2402 1982 2482 1844)
2015 2403 2216 2463 attulit
2244 2415 2609 2481 argumenta,

814 2508 1030 2585 quibus
1074 2509 1480 2568 Herodianum
1528 2506 1833 2583 Apollonii
1882 2507 2071 2566 filium
2104 2508 2242 2567 libri
2277 2508 2377 2587 qui
2412 2513 2607 2568 exstat

811 2611 881 2668 de
928 2612 1135 2688 figuris
1180 2633 1301 2671 non
1347 2630 1474 2670 esse
1521 2616 1819 2670 auctorem
1866 2611 2292 2686 comprobaret.

680 2711 767 2771 VI
811 2714 1006 2776 Schol.
1054 2717 1206 2775 Plat.
1255 2716 1508 2774 Phaedr.
1558 2713 1682 2772 227
1718 2713 1766 2769 Β
1830 2713 2159 2791 (Hermann
2206 2735 2264 2790 p.
2314 2713 2461 2790 263)
2525 2714 2610 2773 ita

811 2817 1092 2893 suppleo:
1139 2810 1382 2893 Ἀττικὴ
1428 2811 1469 2892 ἦ
1512 2810 1787 2887 σύνταξις
1833 2809 1919 2896 (τό
1971 2811 2090 2896 ἐπὶ)
2139 2813 2356 2893 μέρους
2400 2810 2604 2894 λέγειν,

811 2919 884 2977 cf.
920 2920 1098 2978 schol.
1134 2919 1311 2995 Gorg.
1346 2924 1466 2978 469
1502 2920 1556 2976 D
1603 2919 1705 2998 (H.
1739 2940 1796 2996 p.
1831 2921 1999 2996 311),
2047 2919 2228 2976 schol.
2265 2918 2505 2977 Lucian.
2537 2919 2606 2976 II

808 3040 867 3095 p.
916 3026 1014 3094 22,
1066 3026 1099 3077 3
1150 3023 1442 3096 (Jacobitz
1487 3022 1576 3080 IV
1623 3042 1681 3097 p.
1736 3021 1898 3097 125).

642 3120 762 3178 VII
808 3123 1070 3201 Hesych.
1148 3117 1545 3201 ἆνασειράζει·
1630 3115 1950 3199 ἅναρούειν
2004 3126 2197 3195 ποιεῖ,
2262 3116 2603 3201 ἆνερεθίζει.

809 3222 1152 3305 Εὐριπίδης
1181 3218 1520 3302 Ἱππολύτῳ
1573 3220 2012 3308 στεφανηφόρῳ
2054 3226 2483 3286 emendandum
2517 3233 2606 3285 est

804 3321 1121 3409 οἷνορούειν
1180 3321 1561 3408 (ἀνακρούειν
1621 3331 1929 3408 (Musarus
1993 3336 2053 3389 et
2111 3329 2401 3406 Schmidt)
2468 3328 2603 3391 coll.

804 3433 985 3496 schol.
1038 3432 1223 3510 Hipp.
1273 3437 1393 3491 237
1444 3424 1837 3510 ἅνασειράζειε
1902 3424 2217 3511 ἄνορούειν
2281 3433 2444 3490 ποιεῖ
2498 3427 2597 3488 καὶ

806 3527 1145 3614 ἆνερεθίζει.
1228 3531 1541 3614 μεταφέρει
1587 3530 1651 3593 δὲ
1695 3536 1870 3594 τοῦτο
1916 3528 2035 3593 ἀπὸ
2084 3535 2201 3593 τῶν
2245 3531 2465 3603 ἵππων,
2515 3531 2597 3605 οἳ,

804 3629 948 3696 ὅταν
992 3632 1436 3697 ἐπισπάσωνται
1495 3631 1601 3707 τοὶς
1659 3628 1854 3713 ἡνίας,
1917 3628 2272 3713 οἷναπηδῶσι
2336 3632 2438 3695 καὶ
2483 3656 2596 3694 κω-

800 3733 1037 3799 λύονται
1083 3742 1191 3800 τοῦ
1236 3732 1372 3800 κατ’
1420 3731 1575 3798 εὐθύ
1623 3733 1873 3816 δρόμου,
1921 3742 2080 3799 unde
2126 3740 2304 3799 etiam
2351 3745 2599 3816 apparet

803 3843 1194 3904 Schmidtium
1269 3844 1559 3906 erravisse
1635 3845 1790 3923 quod
1865 3862 2072 3903 vocem
2151 3834 2471 3921 ἄνερεθίζει
2532 3842 2595 3898 in

799 3946 1099 4023 Hesychio
1147 3952 1578 4024 transponeret.
