3234 4950
506 401 595 461 VI
1299 433 1383 442 —
1473 393 1599 464 105
1684 431 1767 442 -

505 572 704 632 tradit.
795 573 845 631 E
887 592 1005 652 quo
1038 572 1464 631 sententiarum
1505 569 1842 629 discrimine
1878 573 2007 630 orta
2034 568 2315 630 videntur
2343 566 2558 647 essel),

510 694 663 755 quae
711 676 1064 752 Agresphon
1109 675 1601 757 homonymorum
1656 673 1892 752 quidam
1941 672 2195 749 scriptor
2224 672 2380 748 apud
2399 669 2560 729 Suid.

513 800 559 837 s.
590 799 648 838 v.
686 769 1101 845 Ἀπολλώνιος
1144 772 1338 853 ἕτερος
1384 777 1555 835 docet
1591 775 1841 833 alterum
1871 774 2258 850 Apollonium
2288 773 2561 851 Tyaneu-

511 901 632 939 sem
678 880 1097 956 philosophum
1143 878 1447 938 Hadriano
1499 877 1831 954 imperante
1875 875 2225 955 (117—38)
2267 875 2559 935 floruisse.

468 1062 471 1067 μ
507 983 907 1059 Epistularum
949 981 1134 1057 igitur
1178 986 1478 1041 auctorem
1523 980 1695 1039 binas
1739 979 1969 1039 litteras
1999 979 2356 1039 Lesbonacti
2387 998 2422 1036 a
2442 979 2561 1036 Lu-

416 1099 428 1112 ·
507 1087 674 1145 ciano
720 1085 955 1143 laudato
1008 1083 1328 1160 inscriptas
1370 1082 1650 1156 voluisse,
1713 1083 2026 1140 dummodo
2074 1081 2426 1158 Apollonius
2470 1098 2562 1139 re-

504 1209 647 1250 vera
693 1207 882 1267 usque
928 1188 999 1245 ad
1045 1186 1337 1246 Hadriani
1384 1205 1593 1246 aevum
1640 1185 1824 1246 vitam
1870 1185 2216 1261 provexerit
2243 1179 2343 1245 vel
2371 1185 2423 1242 is
2458 1182 2562 1263 qui

506 1292 805 1368 sophistae
864 1291 1084 1367 scripta
1127 1289 1231 1348 illa
1274 1288 1655 1365 supposuisse
1700 1287 1988 1359 creditur,
2049 1287 2189 1347 huic
2232 1288 2562 1347 sententiae

503 1392 736 1464 faverit,
781 1392 1055 1451 arbitrari
1101 1411 1430 1468 possumus.
1516 1390 1621 1448 Sin
1671 1390 2022 1466 Apollonius
2074 1389 2150 1448 iis
2192 1390 2560 1466 temporibus

503 1495 779 1570 viguerit,
821 1495 1037 1573 quibus
1067 1494 1464 1575 Philostratus
1494 1513 1628 1551 eum
1659 1492 1919 1567 viguisse
1952 1497 2171 1566 narrat,
2209 1493 2309 1553 vel
2338 1497 2560 1565 auctor,

507 1598 776 1678 quisquis
820 1597 952 1670 fuit,
999 1597 1385 1673 epistularum
1431 1597 1542 1654 hoc
1586 1596 1907 1672 putaverit,
1968 1595 2397 1656 Lesbonactem
2443 1601 2560 1656 ter-

502 1702 651 1761 tium
697 1701 828 1778 (seu
858 1698 1160 1779 quartum)
1202 1698 1393 1776 primo
1425 1717 1573 1759 saec.
1609 1719 1667 1775 p.
1703 1700 1836 1758 Chr.
1870 1719 1928 1758 n.
1975 1698 2276 1758 exstitisse
2323 1718 2558 1758 sumen-

506 1805 643 1862 dum
689 1808 796 1863 est.
893 1801 1246 1880 Quanquam
1292 1802 1445 1861 hanc
1489 1801 2064 1875 argumentationem
2111 1802 2397 1861 lubricam
2430 1821 2559 1860 esse

505 1908 567 1964 in
615 1906 828 1966 dubiae
873 1904 1013 1964 fidei
1057 1910 1296 1965 auctore
1343 1906 1651 1966 confiteor.

679 2008 835 2072 Quid
880 2008 1064 2084 igitur
1108 2028 1186 2067 ex
1229 2009 1341 2081 his,
1387 2028 1537 2088 quae
1584 2009 1867 2082 disserui,
1912 2009 1984 2067 ad
2030 2013 2330 2068 auctorem
2373 2007 2561 2066 libelli

506 2112 576 2171 de
621 2110 828 2186 figuris
873 2109 1196 2185 conscripti
1241 2091 1575 2171 redundat?
1660 2111 1845 2184 Nihil,
1908 2112 1956 2169 si
2007 2130 2218 2171 revera
2261 2116 2397 2186 post
2439 2111 2562 2169 He-

502 2214 810 2272 rodianum
857 2247 936 2255 —
982 2214 1140 2271 haud
1184 2213 1361 2289 paulo
1407 2218 1543 2289 post
1584 2215 1836 2273 fortasse
1881 2247 1964 2258 -—
2010 2213 2354 2289 opusculum
2405 2233 2561 2272 com-

501 2317 705 2393 posuit
755 2316 854 2393 (cf.
901 2336 960 2391 p.
1018 2314 1157 2392 100)
1219 2335 1413 2392 neque
1465 2335 1500 2374 a
1542 2315 1911 2376 Lesbonacte
1955 2316 2254 2375 Lucianeo
2297 2316 2564 2392 sophista

502 2419 669 2479 cuius
730 2417 1047 2478 scholiasta
1102 2418 1463 2478 mentionem
1525 2419 1669 2480 facit
1731 2419 1959 2492 differt;
2028 2420 2188 2480 hunc
2248 2424 2445 2479 tamen
2510 2420 2560 2479 si

500 2543 535 2581 a
601 2522 898 2599 prioribus
989 2522 1318 2581 seiunctum
1395 2522 1624 2582 incerto
1692 2524 1870 2600 plane
1932 2523 2186 2600 tempori
2252 2524 2559 2597 attribuas,

501 2625 768 2684 libellum
814 2627 1080 2683 nostrum
1127 2624 1379 2684 edidisse
1416 2626 1679 2701 cogitare
1709 2626 1865 2685 licet.
1914 2626 2127 2705 Neque
2157 2626 2314 2684 enim
2348 2628 2560 2698 obstat,

504 2728 661 2806 quod
721 2727 1023 2785 rhetorum
1091 2727 1285 2786 ordini
1330 2729 1664 2802 ascribitur,
1728 2748 1877 2801 cum,
1941 2730 2044 2809 qui
2106 2728 2437 2789 rhetoricae
2502 2733 2563 2788 et

503 2828 919 2904 grammaticae
983 2832 1097 2890 arti
1162 2831 1337 2890 simul
1397 2831 1581 2889 dediti
1640 2831 1897 2904 fuerint,
1962 2831 2348 2891 inveniantur
2392 2831 2562 2890 velut

503 2931 915 2990 Aristodemus
960 2933 1261 3009 Nysaeus,
1322 2922 1371 2994 1‘.
1418 2933 1672 3006 Pollux,
1738 2934 2117 3011 Phrynichus
2168 2934 2269 3011 (cf.
2315 2934 2558 2993 Rohde:

505 3031 730 3107 griech.
773 3033 1006 3091 Roman
1049 3054 1107 3110 p.
1143 3035 1310 3114 328).

646 3258 696 3314 1)
733 3256 797 3303 cf.
833 3256 1013 3316 Zeller,
1046 3255 1235 3304 Philos.
1273 3257 1362 3303 der
1398 3255 1645 3304 Griechen
1668 3255 1692 3289 ⁸
1729 3257 1807 3303 111
1843 3260 1871 3304 2
1907 3272 1957 3317 p.
1998 3261 2113 3318 149,
2152 3263 2197 3307 1.
