<?xml version="1.0" encoding="UTF-8"?>
<!DOCTYPE html PUBLIC "-//W3C//DTD XHTML 1.0 Transitional//EN"
    "http://www.w3.org/TR/xhtml1/DTD/xhtml1-transitional.dtd">
<html xmlns="http://www.w3.org/1999/xhtml" xml:lang="en" lang="en">
 <head>
  <title>
</title>
<meta http-equiv="Content-Type" content="text/html;charset=utf-8" />
  <meta name='ocr-system' content='tesseract 3.04.00' />
  <meta name='ocr-capabilities' content='ocr_page ocr_carea ocr_par ocr_line ocrx_word'/>
</head>
<body>
  <div class='ocr_page' id='page_1' title='image "./delesbonactegra00lesbgoog_0088.png"; bbox 0 0 3234 4950; ppageno 0'>
   <div class='ocr_carea' id='block_1_1' title="bbox 1463 333 2698 400">
    <p class='ocr_par' dir='ltr' id='par_1_1' title="bbox 1463 333 2698 400">
     <span class='ocr_line' id='line_1_1' title="bbox 1463 333 2698 400; baseline -0.005 0"><span class='ocrx_word' id='word_1_1' title='bbox 1463 334 1887 400; x_wconf 76' lang='grc'><strong>--80--</strong></span> <span class='ocrx_word' id='word_1_2' title='bbox 2305 384 2310 397; x_wconf 93' lang='grc'><em>,</em></span> <span class='ocrx_word' id='word_1_3' title='bbox 2612 333 2698 395; x_wconf 86' lang='lat' dir='ltr'><strong>IV</strong></span> 
     </span>
    </p>
   </div>
   <div class='ocr_carea' id='block_1_2' title="bbox 641 507 2700 893">
    <p class='ocr_par' dir='ltr' id='par_1_2' title="bbox 641 507 2700 893">
     <span class='ocr_line' id='line_1_2' title="bbox 644 507 2700 586; baseline 0.001 -20"><span class='ocrx_word' id='word_1_4' title='bbox 644 508 776 567; x_wconf 91' lang='lat' dir='ltr'><strong>eine</strong></span> <span class='ocrx_word' id='word_1_5' title='bbox 839 509 1038 567; x_wconf 90' lang='lat' dir='ltr'><strong>solche</strong></span> <span class='ocrx_word' id='word_1_6' title='bbox 1100 507 1333 568; x_wconf 87' lang='lat' dir='ltr'><strong>erlaubt</strong></span> <span class='ocrx_word' id='word_1_7' title='bbox 1390 511 1574 569; x_wconf 90' lang='lat' dir='ltr'><strong>hatte.</strong></span> <span class='ocrx_word' id='word_1_8' title='bbox 1665 509 1908 568; x_wconf 85' lang='lat' dir='ltr'><strong>Tzetzes</strong></span> <span class='ocrx_word' id='word_1_9' title='bbox 1954 529 2028 566; x_wconf 88' lang='lat' dir='ltr'><strong>zu</strong></span> <span class='ocrx_word' id='word_1_10' title='bbox 2068 511 2242 586; x_wconf 82' lang='lat' dir='ltr'>jener</span> <span class='ocrx_word' id='word_1_11' title='bbox 2287 509 2471 568; x_wconf 83' lang='lat' dir='ltr'><strong>Stelle</strong></span> <span class='ocrx_word' id='word_1_12' title='bbox 2516 509 2700 569; x_wconf 87' lang='lat' dir='ltr'><strong>schol.</strong></span> 
     </span>
     <span class='ocr_line' id='line_1_3' title="bbox 641 609 2696 690; baseline -0 -18"><span class='ocrx_word' id='word_1_13' title='bbox 641 633 698 672; x_wconf 86' lang='lat' dir='ltr'><strong>v.</strong></span> <span class='ocrx_word' id='word_1_14' title='bbox 747 618 888 671; x_wconf 88' lang='grc'><strong>249.</strong></span> <span class='ocrx_word' id='word_1_15' title='bbox 979 612 1165 671; x_wconf 86' lang='lat' dir='ltr'><strong>Bekk.</strong></span> <span class='ocrx_word' id='word_1_16' title='bbox 1220 616 1331 670; x_wconf 89' lang='lat' dir='ltr'><strong>An.</strong></span> <span class='ocrx_word' id='word_1_17' title='bbox 1380 617 1479 671; x_wconf 86' lang='lat'><strong>91.</strong></span> <span class='ocrx_word' id='word_1_18' title='bbox 1569 613 1918 672; x_wconf 87' lang='lat' dir='ltr'><strong>Fresenius:</strong></span> <span class='ocrx_word' id='word_1_19' title='bbox 1968 613 2150 673; x_wconf 82' lang='lat' dir='ltr'><strong>Arist.</strong></span> <span class='ocrx_word' id='word_1_20' title='bbox 2198 613 2338 690; x_wconf 90' lang='lat' dir='ltr'><strong>Byz.</strong></span> <span class='ocrx_word' id='word_1_21' title='bbox 2400 634 2455 688; x_wconf 90' lang='lat' dir='ltr'><strong>p.</strong></span> <span class='ocrx_word' id='word_1_22' title='bbox 2512 609 2696 671; x_wconf 87' lang='lat'>115.&#39;’</span> 
     </span>
     <span class='ocr_line' id='line_1_4' title="bbox 648 714 2699 791; baseline -0 -19"><span class='ocrx_word' id='word_1_23' title='bbox 648 716 725 774; x_wconf 90' lang='lat' dir='ltr'><strong>Et</strong></span> <span class='ocrx_word' id='word_1_24' title='bbox 784 714 912 791; x_wconf 89' lang='lat' dir='ltr'><strong>ipse</strong></span> <span class='ocrx_word' id='word_1_25' title='bbox 959 715 1347 774; x_wconf 88' lang='lat' dir='ltr'><strong>Lesbonactis</strong></span> <span class='ocrx_word' id='word_1_26' title='bbox 1407 715 1643 774; x_wconf 85' lang='lat' dir='ltr'><strong>libellus</strong></span> <span class='ocrx_word' id='word_1_27' title='bbox 1705 717 2057 775; x_wconf 84' lang='lat' dir='ltr'><strong>sententiam</strong></span> <span class='ocrx_word' id='word_1_28' title='bbox 2121 715 2484 790; x_wconf 79' lang='lat' dir='ltr'><strong>propositam</strong></span> <span class='ocrx_word' id='word_1_29' title='bbox 2547 735 2699 774; x_wconf 88' lang='lat' dir='ltr'><strong>com-</strong></span> 
     </span>
     <span class='ocr_line' id='line_1_5' title="bbox 643 817 1211 893; baseline 0.005 -18"><span class='ocrx_word' id='word_1_30' title='bbox 643 819 897 893; x_wconf 87' lang='lat' dir='ltr'><strong>probare</strong></span> <span class='ocrx_word' id='word_1_31' title='bbox 944 817 1211 878; x_wconf 85' lang='lat' dir='ltr'><strong>videtur:</strong></span> 
     </span>
    </p>
   </div>
   <div class='ocr_carea' id='block_1_3' title="bbox 644 963 2698 1560">
    <p class='ocr_par' dir='ltr' id='par_1_3' title="bbox 815 963 2695 1050">
     <span class='ocr_line' id='line_1_6' title="bbox 815 963 2695 1050; baseline 0 -22"><span class='ocrx_word' id='word_1_32' title='bbox 815 988 898 1046; x_wconf 86' lang='grc' dir='ltr'><strong>σχ.</strong></span> <span class='ocrx_word' id='word_1_33' title='bbox 930 963 1194 1029; x_wconf 81' lang='grc' dir='ltr'><strong><em>Ἀττικόν</em></strong></span> <span class='ocrx_word' id='word_1_34' title='bbox 1225 972 1380 1049; x_wconf 92' lang='lat' dir='ltr'>(XII</span> <span class='ocrx_word' id='word_1_35' title='bbox 1409 973 1526 1050; x_wconf 82' lang='lat' dir='ltr'><strong>A):</strong></span> <span class='ocrx_word' id='word_1_36' title='bbox 1572 966 1838 1048; x_wconf 79' lang='grc' dir='ltr'><strong><em>σύνηθες</em></strong></span> <span class='ocrx_word' id='word_1_37' title='bbox 1871 968 2212 1047; x_wconf 79' lang='grc' dir='ltr'><strong><em>Ξενοφῶντι</em></strong></span> <span class='ocrx_word' id='word_1_38' title='bbox 2260 968 2360 1030; x_wconf 84' lang='grc' dir='ltr'><strong>καὶ</strong></span> <span class='ocrx_word' id='word_1_39' title='bbox 2403 969 2695 1030; x_wconf 72' lang='grc' dir='ltr'><strong><em>Πλάτωνι.</em></strong></span> 
     </span>
    </p>

    <p class='ocr_par' dir='ltr' id='par_1_4' title="bbox 645 1067 2698 1247">
     <span class='ocr_line' id='line_1_7' title="bbox 820 1067 2698 1157; baseline 0.001 -26"><span class='ocrx_word' id='word_1_40' title='bbox 820 1072 1141 1143; x_wconf 80' lang='grc' dir='ltr'><strong><em>Χαλκιδεῖς</em></strong></span> <span class='ocrx_word' id='word_1_41' title='bbox 1185 1074 1389 1152; x_wconf 80' lang='lat' dir='ltr'>(XIV)</span> <span class='ocrx_word' id='word_1_42' title='bbox 1451 1069 1515 1132; x_wconf 81' lang='grc' dir='ltr'><strong>δὲ</strong></span> <span class='ocrx_word' id='word_1_43' title='bbox 1584 1073 1647 1133; x_wconf 84' lang='grc' dir='ltr'><strong>οἷ</strong></span> <span class='ocrx_word' id='word_1_44' title='bbox 1688 1073 1753 1134; x_wconf 78' lang='grc' dir='ltr'><strong><em>ἐν</em></strong></span> <span class='ocrx_word' id='word_1_45' title='bbox 1801 1068 2039 1157; x_wconf 78' lang='grc' dir='ltr'>Εὐβοίᾳ</span> <span class='ocrx_word' id='word_1_46' title='bbox 2084 1077 2360 1134; x_wconf 85' lang='grc' dir='ltr'><strong><em>ποιοῦσιν</em></strong></span> <span class='ocrx_word' id='word_1_47' title='bbox 2553 1117 2566 1131; x_wconf 93' lang='grc'><strong>.</strong></span> <span class='ocrx_word' id='word_1_48' title='bbox 2616 1067 2698 1144; x_wconf 69' lang='grc' dir='ltr'><strong>οἷς</strong></span> 
     </span>
     <span class='ocr_line' id='line_1_8' title="bbox 645 1168 1449 1247; baseline 0 -12"><span class='ocrx_word' id='word_1_49' title='bbox 645 1171 969 1246; x_wconf 80' lang='grc' dir='ltr'><strong><em>Διονύσιος</em></strong></span> <span class='ocrx_word' id='word_1_50' title='bbox 1016 1168 1050 1235; x_wconf 76' lang='grc' dir='ltr'>ὁ</span> <span class='ocrx_word' id='word_1_51' title='bbox 1100 1171 1449 1247; x_wconf 80' lang='grc' dir='ltr'><strong><em>Χαλκιδεύς.</em></strong></span> 
     </span>
    </p>

    <p class='ocr_par' dir='ltr' id='par_1_5' title="bbox 815 1271 2545 1363">
     <span class='ocr_line' id='line_1_9' title="bbox 815 1271 2545 1363; baseline 0.002 -26"><span class='ocrx_word' id='word_1_52' title='bbox 815 1271 951 1338; x_wconf 68' lang='grc' dir='ltr'><strong>ἄλλο</strong></span> <span class='ocrx_word' id='word_1_53' title='bbox 990 1273 1259 1338; x_wconf 87' lang='grc' dir='ltr'><strong><em>Ἀττικόν</em></strong></span> <span class='ocrx_word' id='word_1_54' title='bbox 1305 1280 1580 1357; x_wconf 84' lang='grc' dir='ltr'>(ΧΧΙΙ);</span> <span class='ocrx_word' id='word_1_55' title='bbox 1630 1272 1665 1338; x_wconf 78' lang='lat' dir='ltr'><strong>o‘</strong></span> <span class='ocrx_word' id='word_1_56' title='bbox 1715 1274 1970 1340; x_wconf 75' lang='grc' dir='ltr'><strong><em>Πλάτων</em></strong></span> <span class='ocrx_word' id='word_1_57' title='bbox 2016 1275 2204 1363; x_wconf 75' lang='grc' dir='ltr'><strong><em>τούτῳ</em></strong></span> <span class='ocrx_word' id='word_1_58' title='bbox 2253 1278 2545 1358; x_wconf 84' lang='grc' dir='ltr'><strong><em>κέχρηται.</em></strong></span> 
     </span>
    </p>

    <p class='ocr_par' dir='ltr' id='par_1_6' title="bbox 644 1376 2692 1560">
     <span class='ocr_line' id='line_1_10' title="bbox 813 1376 2692 1462; baseline 0.002 -22"><span class='ocrx_word' id='word_1_59' title='bbox 813 1376 1093 1442; x_wconf 80' lang='grc' dir='ltr'><strong><em>Ἀττικῶν</em></strong></span> <span class='ocrx_word' id='word_1_60' title='bbox 1136 1383 1439 1461; x_wconf 80' lang='lat' dir='ltr'>(XXV1):</span> <span class='ocrx_word' id='word_1_61' title='bbox 1500 1380 1615 1442; x_wconf 75' lang='grc' dir='ltr'><strong><em>ἔστι</em></strong></span> <span class='ocrx_word' id='word_1_62' title='bbox 1684 1379 1746 1442; x_wconf 82' lang='grc' dir='ltr'><strong>δὲ</strong></span> <span class='ocrx_word' id='word_1_63' title='bbox 1807 1377 1872 1442; x_wconf 76' lang='grc' dir='ltr'><strong>τό</strong></span> <span class='ocrx_word' id='word_1_64' title='bbox 1929 1386 2118 1460; x_wconf 87' lang='grc' dir='ltr'><strong><em>σχῆμα</em></strong></span> <span class='ocrx_word' id='word_1_65' title='bbox 2163 1386 2283 1442; x_wconf 81' lang='grc' dir='ltr'><strong><em>τῶν</em></strong></span> <span class='ocrx_word' id='word_1_66' title='bbox 2327 1381 2462 1462; x_wconf 83' lang='grc' dir='ltr'><strong><em>περὶ</em></strong></span> <span class='ocrx_word' id='word_1_67' title='bbox 2507 1377 2692 1443; x_wconf 90' lang='grc' dir='ltr'><strong><em>Ἀντι-</em></strong></span> 
     </span>
     <span class='ocr_line' id='line_1_11' title="bbox 644 1507 868 1560; baseline 0.013 -15"><span class='ocrx_word' id='word_1_68' title='bbox 644 1507 868 1560; x_wconf 86' lang='grc' dir='ltr'><strong><em>φωντα.</em></strong></span> 
     </span>
    </p>
   </div>
   <div class='ocr_carea' id='block_1_4' title="bbox 642 1633 2697 3674">
    <p class='ocr_par' dir='ltr' id='par_1_7' title="bbox 642 1633 2696 2232">
     <span class='ocr_line' id='line_1_12' title="bbox 816 1633 2696 1720; baseline 0.001 -21"><span class='ocrx_word' id='word_1_69' title='bbox 816 1643 896 1700; x_wconf 83' lang='lat' dir='ltr'><strong>Et</strong></span> <span class='ocrx_word' id='word_1_70' title='bbox 955 1641 1111 1720; x_wconf 91' lang='lat' dir='ltr'><strong>quod</strong></span> <span class='ocrx_word' id='word_1_71' title='bbox 1179 1633 1549 1718; x_wconf 81' lang='grc' dir='ltr'><strong><em>Πινδαρικόν</em></strong></span> <span class='ocrx_word' id='word_1_72' title='bbox 1612 1656 1699 1717; x_wconf 85' lang='grc' dir='ltr'><strong>σχ.</strong></span> <span class='ocrx_word' id='word_1_73' title='bbox 1771 1640 1975 1716; x_wconf 78' lang='lat' dir='ltr'><strong>(XVI)</strong></span> <span class='ocrx_word' id='word_1_74' title='bbox 2034 1641 2220 1700; x_wconf 85' lang='lat' dir='ltr'>libelli</span> <span class='ocrx_word' id='word_1_75' title='bbox 2287 1641 2576 1700; x_wconf 83' lang='lat' dir='ltr'><strong>redactori</strong></span> <span class='ocrx_word' id='word_1_76' title='bbox 2641 1645 2696 1700; x_wconf 79' lang='lat' dir='ltr'>A</span> 
     </span>
     <span class='ocr_line' id='line_1_13' title="bbox 643 1735 2694 1824; baseline 0.001 -23"><span class='ocrx_word' id='word_1_77' title='bbox 643 1745 837 1821; x_wconf 85' lang='grc' dir='ltr'><strong><em>σχῆμα</em></strong></span> <span class='ocrx_word' id='word_1_78' title='bbox 882 1735 1005 1803; x_wconf 68' lang='lat' dir='ltr'><strong>dud</strong></span> <span class='ocrx_word' id='word_1_79' title='bbox 1059 1741 1350 1814; x_wconf 82' lang='grc' dir='ltr'><strong><em>Βοιωτίας</em></strong></span> <span class='ocrx_word' id='word_1_80' title='bbox 1392 1745 1586 1815; x_wconf 88' lang='lat' dir='ltr'><strong>audit,</strong></span> <span class='ocrx_word' id='word_1_81' title='bbox 1650 1744 1871 1824; x_wconf 87' lang='lat' dir='ltr'><strong>aliique</strong></span> <span class='ocrx_word' id='word_1_82' title='bbox 1930 1744 2292 1818; x_wconf 82' lang='lat' dir='ltr'><strong>grammatici</strong></span> <span class='ocrx_word' id='word_1_83' title='bbox 2340 1744 2694 1803; x_wconf 85' lang='lat' dir='ltr'><strong>Boeotorum</strong></span> 
     </span>
     <span class='ocr_line' id='line_1_14' title="bbox 644 1846 2694 1925; baseline 0 -21"><span class='ocrx_word' id='word_1_84' title='bbox 644 1849 705 1905; x_wconf 89' lang='lat' dir='ltr'><strong>id</strong></span> <span class='ocrx_word' id='word_1_85' title='bbox 752 1867 878 1906; x_wconf 88' lang='lat' dir='ltr'><strong>esse</strong></span> <span class='ocrx_word' id='word_1_86' title='bbox 925 1847 1306 1906; x_wconf 87' lang='lat' dir='ltr'><strong>consentiunt</strong></span> <span class='ocrx_word' id='word_1_87' title='bbox 1351 1847 1449 1925; x_wconf 86' lang='lat' dir='ltr'><strong>(cf.</strong></span> <span class='ocrx_word' id='word_1_88' title='bbox 1497 1851 1619 1907; x_wconf 89' lang='lat' dir='ltr'><strong>not.</strong></span> <span class='ocrx_word' id='word_1_89' title='bbox 1667 1848 1737 1905; x_wconf 86' lang='lat' dir='ltr'><strong>ad</strong></span> <span class='ocrx_word' id='word_1_90' title='bbox 1784 1846 2020 1922; x_wconf 90' lang='lat' dir='ltr'><strong>locum),</strong></span> <span class='ocrx_word' id='word_1_91' title='bbox 2070 1865 2106 1903; x_wconf 86' lang='lat' dir='ltr'><strong>a</strong></span> <span class='ocrx_word' id='word_1_92' title='bbox 2148 1847 2339 1922; x_wconf 84' lang='lat' dir='ltr'><strong>patria</strong></span> <span class='ocrx_word' id='word_1_93' title='bbox 2385 1847 2510 1904; x_wconf 83' lang='lat' dir='ltr'><strong>sive</strong></span> <span class='ocrx_word' id='word_1_94' title='bbox 2557 1848 2694 1904; x_wconf 88' lang='lat' dir='ltr'><strong>Pin-</strong></span> 
     </span>
     <span class='ocr_line' id='line_1_15' title="bbox 644 1936 2695 2030; baseline -0.001 -23"><span class='ocrx_word' id='word_1_95' title='bbox 644 1950 767 2009; x_wconf 87' lang='lat' dir='ltr'><strong>dari</strong></span> <span class='ocrx_word' id='word_1_96' title='bbox 830 1950 1010 2009; x_wconf 83' lang='lat' dir='ltr'><strong>solius</strong></span> <span class='ocrx_word' id='word_1_97' title='bbox 1073 1951 1197 2010; x_wconf 80' lang='lat' dir='ltr'><strong>sive</strong></span> <span class='ocrx_word' id='word_1_98' title='bbox 1244 1951 1483 2009; x_wconf 88' lang='lat' dir='ltr'><strong>Pindari</strong></span> <span class='ocrx_word' id='word_1_99' title='bbox 1550 1957 1729 2030; x_wconf 86' lang='lat' dir='ltr'><strong>atque</strong></span> <span class='ocrx_word' id='word_1_100' title='bbox 1773 1951 2040 2023; x_wconf 79' lang='lat' dir='ltr'><strong>Hesiodi,</strong></span> <span class='ocrx_word' id='word_1_101' title='bbox 2105 1950 2270 2009; x_wconf 90' lang='lat' dir='ltr'><strong>cuius</strong></span> <span class='ocrx_word' id='word_1_102' title='bbox 2317 2000 2346 2028; x_wconf 65' lang='lat' dir='ltr'><strong>aa</strong></span> <span class='ocrx_word' id='word_1_103' title='bbox 2364 1949 2466 2023; x_wconf 85' lang='grc' dir='ltr'><strong>τῆς</strong></span> <span class='ocrx_word' id='word_1_104' title='bbox 2514 1942 2567 2005; x_wconf 83' lang='grc' dir='ltr'><strong>δ’</strong></span> <span class='ocrx_word' id='word_1_105' title='bbox 2627 1936 2695 2023; x_wconf 80' lang='grc' dir='ltr'><strong><em>ἦν</em></strong></span> 
     </span>
     <span class='ocr_line' id='line_1_16' title="bbox 642 2051 2693 2131; baseline 0.001 -22"><span class='ocrx_word' id='word_1_106' title='bbox 642 2055 796 2130; x_wconf 80' lang='grc' dir='ltr'><strong><em>τρεῖς</em></strong></span> <span class='ocrx_word' id='word_1_107' title='bbox 841 2052 1092 2126; x_wconf 82' lang='grc' dir='ltr'><strong><em>κεφαλαί</em></strong></span> <span class='ocrx_word' id='word_1_108' title='bbox 1111 2051 1139 2079; x_wconf 83' lang='grc'>”</span> <span class='ocrx_word' id='word_1_109' title='bbox 1188 2052 1438 2131; x_wconf 84' lang='lat' dir='ltr'><strong>(Theog.</strong></span> <span class='ocrx_word' id='word_1_110' title='bbox 1489 2058 1604 2112; x_wconf 87' lang='lat'><strong>321</strong></span> <span class='ocrx_word' id='word_1_111' title='bbox 1659 2072 1772 2113; x_wconf 89' lang='lat' dir='ltr'><strong>rec.</strong></span> <span class='ocrx_word' id='word_1_112' title='bbox 1821 2052 1894 2130; x_wconf 91' lang='lat' dir='ltr'><strong>B)</strong></span> <span class='ocrx_word' id='word_1_113' title='bbox 1941 2053 2311 2112; x_wconf 86' lang='lat' dir='ltr'><strong>notissimum</strong></span> <span class='ocrx_word' id='word_1_114' title='bbox 2359 2058 2503 2126; x_wconf 87' lang='lat' dir='ltr'><strong>erat,</strong></span> <span class='ocrx_word' id='word_1_115' title='bbox 2547 2054 2693 2112; x_wconf 86' lang='lat' dir='ltr'><strong>alte-</strong></span> 
     </span>
     <span class='ocr_line' id='line_1_17' title="bbox 642 2155 2210 2232; baseline -0.001 -17"><span class='ocrx_word' id='word_1_116' title='bbox 642 2176 766 2215; x_wconf 85' lang='lat' dir='ltr'><strong>ram</strong></span> <span class='ocrx_word' id='word_1_117' title='bbox 813 2155 1303 2231; x_wconf 84' lang='lat' dir='ltr'><strong>significationem</strong></span> <span class='ocrx_word' id='word_1_118' title='bbox 1349 2157 1731 2232; x_wconf 86' lang='lat' dir='ltr'><strong>repetendam</strong></span> <span class='ocrx_word' id='word_1_119' title='bbox 1779 2175 1905 2215; x_wconf 87' lang='lat' dir='ltr'><strong>esse</strong></span> <span class='ocrx_word' id='word_1_120' title='bbox 1949 2162 2210 2231; x_wconf 87' lang='lat' dir='ltr'><strong>apparet.</strong></span> 
     </span>
    </p>

    <p class='ocr_par' dir='ltr' id='par_1_8' title="bbox 643 2258 2694 2956">
     <span class='ocr_line' id='line_1_18' title="bbox 643 2258 2693 2339; baseline 0 -24"><span class='ocrx_word' id='word_1_121' title='bbox 643 2260 936 2318; x_wconf 82' lang='lat' dir='ltr'><strong>Convenit</strong></span> <span class='ocrx_word' id='word_1_122' title='bbox 964 2259 1232 2335; x_wconf 88' lang='lat' dir='ltr'><strong>apprime</strong></span> <span class='ocrx_word' id='word_1_123' title='bbox 1264 2279 1395 2318; x_wconf 89' lang='lat' dir='ltr'><strong>cum</strong></span> <span class='ocrx_word' id='word_1_124' title='bbox 1427 2261 1931 2331; x_wconf 87' lang='lat' dir='ltr'><strong>antecedentibus,</strong></span> <span class='ocrx_word' id='word_1_125' title='bbox 1967 2258 2122 2339; x_wconf 89' lang='lat' dir='ltr'><strong>quod</strong></span> <span class='ocrx_word' id='word_1_126' title='bbox 2158 2259 2499 2318; x_wconf 76' lang='lat' dir='ltr'>Heraclides</span> <span class='ocrx_word' id='word_1_127' title='bbox 2518 2258 2693 2317; x_wconf 82' lang='lat' dir='ltr'><strong>Mile-</strong></span> 
     </span>
     <span class='ocr_line' id='line_1_19' title="bbox 645 2354 2694 2441; baseline 0 -24"><span class='ocrx_word' id='word_1_128' title='bbox 645 2361 766 2418; x_wconf 86' lang='lat' dir='ltr'><strong>sius</strong></span> <span class='ocrx_word' id='word_1_129' title='bbox 812 2362 882 2420; x_wconf 94' lang='lat' dir='ltr'><strong>de</strong></span> <span class='ocrx_word' id='word_1_130' title='bbox 916 2362 1205 2437; x_wconf 87' lang='lat' dir='ltr'><strong>Rheginis</strong></span> <span class='ocrx_word' id='word_1_131' title='bbox 1252 2363 1399 2421; x_wconf 85' lang='lat' dir='ltr'><strong>haec</strong></span> <span class='ocrx_word' id='word_1_132' title='bbox 1445 2360 1851 2441; x_wconf 53' lang='lat' dir='ltr'><strong>docet&#39;(Eust.</strong></span> <span class='ocrx_word' id='word_1_133' title='bbox 1884 2382 1923 2437; x_wconf 82' lang='grc' dir='ltr'><em>η</em></span> <span class='ocrx_word' id='word_1_134' title='bbox 1965 2366 2080 2420; x_wconf 88' lang='grc'><strong>198</strong></span> <span class='ocrx_word' id='word_1_135' title='bbox 2127 2382 2185 2438; x_wconf 89' lang='lat' dir='ltr'><strong>p.</strong></span> <span class='ocrx_word' id='word_1_136' title='bbox 2228 2362 2403 2435; x_wconf 85' lang='lat'><strong>1576,</strong></span> <span class='ocrx_word' id='word_1_137' title='bbox 2442 2361 2576 2438; x_wconf 83' lang='lat'>59):</span> <span class='ocrx_word' id='word_1_138' title='bbox 2623 2354 2694 2417; x_wconf 79' lang='grc' dir='ltr'><strong>τοὶ</strong></span> 
     </span>
     <span class='ocr_line' id='line_1_20' title="bbox 644 2455 2694 2543; baseline 0 -21"><span class='ocrx_word' id='word_1_139' title='bbox 644 2461 806 2540; x_wconf 82' lang='grc' dir='ltr'><strong><em>τρίτα</em></strong></span> <span class='ocrx_word' id='word_1_140' title='bbox 852 2465 968 2523; x_wconf 74' lang='grc' dir='ltr'><strong><em>τῶν</em></strong></span> <span class='ocrx_word' id='word_1_141' title='bbox 1013 2455 1327 2542; x_wconf 78' lang='grc' dir='ltr'><strong><em>ὄριστικῶν</em></strong></span> <span class='ocrx_word' id='word_1_142' title='bbox 1371 2461 1840 2541; x_wconf 79' lang='grc' dir='ltr'><strong><em>περισπωμένων</em></strong></span> <span class='ocrx_word' id='word_1_143' title='bbox 1871 2465 1977 2540; x_wconf 83' lang='grc' dir='ltr'><strong>τῆς</strong></span> <span class='ocrx_word' id='word_1_144' title='bbox 2008 2457 2247 2542; x_wconf 76' lang='grc' dir='ltr'><strong><em>πρώτης</em></strong></span> <span class='ocrx_word' id='word_1_145' title='bbox 2277 2463 2554 2543; x_wconf 81' lang='grc' dir='ltr'><strong><em>συζυγίας</em></strong></span> <span class='ocrx_word' id='word_1_146' title='bbox 2593 2461 2694 2522; x_wconf 84' lang='grc' dir='ltr'><strong>καὶ</strong></span> 
     </span>
     <span class='ocr_line' id='line_1_21' title="bbox 643 2560 2694 2652; baseline 0 -28"><span class='ocrx_word' id='word_1_147' title='bbox 643 2570 762 2625; x_wconf 79' lang='grc' dir='ltr'><strong><em>τῶν</em></strong></span> <span class='ocrx_word' id='word_1_148' title='bbox 809 2561 1163 2646; x_wconf 84' lang='grc' dir='ltr'><strong><em>βαρυτόνων</em></strong></span> <span class='ocrx_word' id='word_1_149' title='bbox 1211 2562 1276 2625; x_wconf 80' lang='grc' dir='ltr'><strong>δὲ</strong></span> <span class='ocrx_word' id='word_1_150' title='bbox 1318 2560 1599 2645; x_wconf 73' lang='grc' dir='ltr'><strong><em>ῥημάτων</em></strong></span> <span class='ocrx_word' id='word_1_151' title='bbox 1645 2560 1793 2625; x_wconf 71' lang='grc' dir='ltr'><strong><em>κατά</em></strong></span> <span class='ocrx_word' id='word_1_152' title='bbox 1839 2561 1905 2626; x_wconf 77' lang='grc' dir='ltr'><strong>τό</strong></span> <span class='ocrx_word' id='word_1_153' title='bbox 1954 2561 2149 2626; x_wconf 80' lang='grc' dir='ltr'><strong><em>ἓνικὸν</em></strong></span> <span class='ocrx_word' id='word_1_154' title='bbox 2197 2564 2278 2636; x_wconf 83' lang='grc' dir='ltr'><strong>εἰς</strong></span> <span class='ocrx_word' id='word_1_155' title='bbox 2323 2562 2429 2644; x_wconf 82' lang='grc' dir='ltr'><strong><em>τὴν</em></strong></span> <span class='ocrx_word' id='word_1_156' title='bbox 2476 2563 2531 2652; x_wconf 52' lang='lat' dir='ltr'><strong>{a</strong></span> <span class='ocrx_word' id='word_1_157' title='bbox 2563 2570 2694 2626; x_wconf 77' lang='grc' dir='ltr'><strong><em>συλ-</em></strong></span> 
     </span>
     <span class='ocr_line' id='line_1_22' title="bbox 643 2664 2694 2748; baseline 0 -20"><span class='ocrx_word' id='word_1_158' title='bbox 643 2664 830 2745; x_wconf 72' lang='grc' dir='ltr'><strong><em>λαβὴν</em></strong></span> <span class='ocrx_word' id='word_1_159' title='bbox 876 2671 1186 2744; x_wconf 84' lang='grc' dir='ltr'><strong><em>περαιοῦσι</em></strong></span> <span class='ocrx_word' id='word_1_160' title='bbox 1247 2670 1354 2727; x_wconf 84' lang='grc' dir='ltr'><strong>τοῦ</strong></span> <span class='ocrx_word' id='word_1_161' title='bbox 1401 2674 1439 2745; x_wconf 80' lang='grc' dir='ltr'><em>ἧ</em></span> <span class='ocrx_word' id='word_1_162' title='bbox 1485 2665 1960 2748; x_wconf 82' lang='grc' dir='ltr'><strong><em>παραλήγοντος,</em></strong></span> <span class='ocrx_word' id='word_1_163' title='bbox 2022 2666 2187 2731; x_wconf 83' lang='lat' dir='ltr'><strong>velut</strong></span> <span class='ocrx_word' id='word_1_164' title='bbox 2233 2671 2456 2745; x_wconf 75' lang='grc' dir='ltr'><strong><em>φίλῃσι,</em></strong></span> <span class='ocrx_word' id='word_1_165' title='bbox 2504 2665 2694 2746; x_wconf 89' lang='grc' dir='ltr'><strong><em>νόησι,</em></strong></span> 
     </span>
     <span class='ocr_line' id='line_1_23' title="bbox 643 2769 2694 2851; baseline 0.001 -21"><span class='ocrx_word' id='word_1_166' title='bbox 643 2770 860 2851; x_wconf 83' lang='grc' dir='ltr'><strong><em>λέγησι,</em></strong></span> <span class='ocrx_word' id='word_1_167' title='bbox 909 2769 1141 2850; x_wconf 84' lang='grc' dir='ltr'><strong><em>φέρησι.</em></strong></span> <span class='ocrx_word' id='word_1_168' title='bbox 1231 2774 1635 2847; x_wconf 84' lang='lat' dir='ltr'><strong>Rheginorum</strong></span> <span class='ocrx_word' id='word_1_169' title='bbox 1700 2775 1856 2832; x_wconf 91' lang='lat' dir='ltr'><strong>enim</strong></span> <span class='ocrx_word' id='word_1_170' title='bbox 1919 2775 2188 2850; x_wconf 85' lang='lat' dir='ltr'><strong>proprias</strong></span> <span class='ocrx_word' id='word_1_171' title='bbox 2240 2794 2366 2832; x_wconf 85' lang='lat' dir='ltr'><strong>esse</strong></span> <span class='ocrx_word' id='word_1_172' title='bbox 2428 2775 2532 2833; x_wconf 87' lang='lat' dir='ltr'><strong>has</strong></span> <span class='ocrx_word' id='word_1_173' title='bbox 2577 2776 2694 2832; x_wconf 84' lang='lat' dir='ltr'><strong>for-</strong></span> 
     </span>
     <span class='ocr_line' id='line_1_24' title="bbox 646 2871 2693 2956; baseline 0.001 -22"><span class='ocrx_word' id='word_1_174' title='bbox 646 2895 767 2935; x_wconf 85' lang='lat' dir='ltr'><strong>mas</strong></span> <span class='ocrx_word' id='word_1_175' title='bbox 799 2876 1119 2949; x_wconf 83' lang='lat' dir='ltr'><strong>contendit,</strong></span> <span class='ocrx_word' id='word_1_176' title='bbox 1164 2877 1321 2955; x_wconf 91' lang='lat' dir='ltr'><strong>quod</strong></span> <span class='ocrx_word' id='word_1_177' title='bbox 1350 2878 1505 2952; x_wconf 90' lang='lat' dir='ltr'><strong>apud</strong></span> <span class='ocrx_word' id='word_1_178' title='bbox 1547 2876 1791 2954; x_wconf 82' lang='lat' dir='ltr'><strong>Ibycum</strong></span> <span class='ocrx_word' id='word_1_179' title='bbox 1827 2879 2213 2937; x_wconf 85' lang='lat' dir='ltr'><strong>occurrebant</strong></span> <span class='ocrx_word' id='word_1_180' title='bbox 2237 2872 2293 2953; x_wconf 80' lang='grc'><strong>1)</strong></span> <span class='ocrx_word' id='word_1_181' title='bbox 2342 2871 2693 2956; x_wconf 79' lang='grc' dir='ltr'><strong>(σχ.Ἰβύκ.).</strong></span> 
     </span>
    </p>

    <p class='ocr_par' dir='ltr' id='par_1_9' title="bbox 643 2979 2697 3572">
     <span class='ocr_line' id='line_1_25' title="bbox 816 2979 2697 3059; baseline 0.001 -21"><span class='ocrx_word' id='word_1_182' title='bbox 816 2979 1033 3038; x_wconf 88' lang='lat' dir='ltr'><strong>Verum</strong></span> <span class='ocrx_word' id='word_1_183' title='bbox 1082 2979 1258 3036; x_wconf 85' lang='lat' dir='ltr'><strong>etiam</strong></span> <span class='ocrx_word' id='word_1_184' title='bbox 1306 2980 1378 3037; x_wconf 86' lang='lat' dir='ltr'><strong>ab</strong></span> <span class='ocrx_word' id='word_1_185' title='bbox 1428 2998 1496 3037; x_wconf 85' lang='lat' dir='ltr'><strong>ea</strong></span> <span class='ocrx_word' id='word_1_186' title='bbox 1544 2986 1722 3054; x_wconf 86' lang='lat' dir='ltr'><strong>gente</strong></span> <span class='ocrx_word' id='word_1_187' title='bbox 1759 2980 2079 3054; x_wconf 86' lang='lat' dir='ltr'><strong>figurarum</strong></span> <span class='ocrx_word' id='word_1_188' title='bbox 2130 2981 2414 3059; x_wconf 88' lang='lat' dir='ltr'><strong>quaedam</strong></span> <span class='ocrx_word' id='word_1_189' title='bbox 2456 2981 2697 3039; x_wconf 86' lang='lat' dir='ltr'><strong>nomina</strong></span> 
     </span>
     <span class='ocr_line' id='line_1_26' title="bbox 647 3081 2695 3159; baseline 0 -20"><span class='ocrx_word' id='word_1_190' title='bbox 647 3081 1096 3154; x_wconf 66' lang='lat' dir='ltr'><strong>derivabuntur,</strong></span> <span class='ocrx_word' id='word_1_191' title='bbox 1193 3082 1358 3141; x_wconf 87' lang='lat' dir='ltr'><strong>cuius</strong></span> <span class='ocrx_word' id='word_1_192' title='bbox 1424 3083 1664 3158; x_wconf 86' lang='lat' dir='ltr'><strong>linguae</strong></span> <span class='ocrx_word' id='word_1_193' title='bbox 1741 3083 2008 3158; x_wconf 87' lang='lat' dir='ltr'><strong>proprias</strong></span> <span class='ocrx_word' id='word_1_194' title='bbox 2077 3083 2296 3140; x_wconf 85' lang='lat' dir='ltr'><strong>formas</strong></span> <span class='ocrx_word' id='word_1_195' title='bbox 2379 3083 2695 3159; x_wconf 82' lang='lat' dir='ltr'><strong>scriptores</strong></span> 
     </span>
     <span class='ocr_line' id='line_1_27' title="bbox 644 3183 2694 3247; baseline 0 -5"><span class='ocrx_word' id='word_1_196' title='bbox 644 3186 705 3242; x_wconf 90' lang='lat' dir='ltr'><strong>in</strong></span> <span class='ocrx_word' id='word_1_197' title='bbox 780 3204 947 3243; x_wconf 89' lang='lat' dir='ltr'><strong>usum</strong></span> <span class='ocrx_word' id='word_1_198' title='bbox 1011 3205 1180 3243; x_wconf 85' lang='lat' dir='ltr'><strong>suum</strong></span> <span class='ocrx_word' id='word_1_199' title='bbox 1246 3186 1608 3243; x_wconf 85' lang='lat' dir='ltr'><strong>convertisse</strong></span> <span class='ocrx_word' id='word_1_200' title='bbox 1676 3185 1998 3244; x_wconf 82' lang='lat' dir='ltr'><strong>constabat.</strong></span> <span class='ocrx_word' id='word_1_201' title='bbox 2122 3183 2389 3247; x_wconf 81' lang='lat' dir='ltr'><strong>Quanam</strong></span> <span class='ocrx_word' id='word_1_202' title='bbox 2450 3186 2565 3244; x_wconf 85' lang='lat' dir='ltr'><strong>alia</strong></span> <span class='ocrx_word' id='word_1_203' title='bbox 2624 3187 2694 3244; x_wconf 92' lang='lat' dir='ltr'><strong>de</strong></span> 
     </span>
     <span class='ocr_line' id='line_1_28' title="bbox 646 3278 2694 3365; baseline 0 -19"><span class='ocrx_word' id='word_1_204' title='bbox 646 3305 820 3346; x_wconf 87' lang='lat' dir='ltr'><strong>causa</strong></span> <span class='ocrx_word' id='word_1_205' title='bbox 869 3288 1103 3345; x_wconf 89' lang='lat' dir='ltr'><strong>schema</strong></span> <span class='ocrx_word' id='word_1_206' title='bbox 1156 3278 1417 3344; x_wconf 79' lang='grc' dir='ltr'><strong><em>Ἰωνικόν</em></strong></span> <span class='ocrx_word' id='word_1_207' title='bbox 1467 3283 1566 3343; x_wconf 83' lang='grc' dir='ltr'><strong>καὶ</strong></span> <span class='ocrx_word' id='word_1_208' title='bbox 1619 3280 1858 3365; x_wconf 75' lang='grc' dir='ltr'><strong><em>Δώριον</em></strong></span> <span class='ocrx_word' id='word_1_209' title='bbox 1918 3286 2186 3364; x_wconf 87' lang='lat' dir='ltr'><strong>(XVIII)</strong></span> <span class='ocrx_word' id='word_1_210' title='bbox 2227 3282 2694 3348; x_wconf 78' lang='lat' dir='ltr'><strong>vocabatur’Im—</strong></span> 
     </span>
     <span class='ocr_line' id='line_1_29' title="bbox 647 3383 2697 3471; baseline 0.001 -24"><span class='ocrx_word' id='word_1_211' title='bbox 647 3383 834 3460; x_wconf 84' lang='grc' dir='ltr'><strong><em>νικόν,</em></strong></span> <span class='ocrx_word' id='word_1_212' title='bbox 897 3407 1072 3468; x_wconf 76' lang='lat' dir='ltr'><strong>quam</strong></span> <span class='ocrx_word' id='word_1_213' title='bbox 1136 3390 1292 3468; x_wconf 90' lang='lat' dir='ltr'><strong>quod</strong></span> <span class='ocrx_word' id='word_1_214' title='bbox 1354 3441 1384 3469; x_wconf 67' lang='lat' dir='ltr'><strong>aa</strong></span> <span class='ocrx_word' id='word_1_215' title='bbox 1403 3386 1710 3468; x_wconf 79' lang='grc' dir='ltr'><strong><em>ἐξαιρέτως</em></strong></span> <span class='ocrx_word' id='word_1_216' title='bbox 1773 3384 1962 3471; x_wconf 80' lang='grc' dir='ltr'><strong><em>τούτῳ</em></strong></span> <span class='ocrx_word' id='word_1_217' title='bbox 2009 3392 2089 3471; x_wconf 79' lang='grc' dir='ltr'><strong>τῷ</strong></span> <span class='ocrx_word' id='word_1_218' title='bbox 2135 3385 2382 3467; x_wconf 84' lang='grc' dir='ltr'><strong><em>σχήματι</em></strong></span> <span class='ocrx_word' id='word_1_219' title='bbox 2424 3384 2697 3460; x_wconf 82' lang='grc' dir='ltr'><strong><em>Ἡσίοδος</em></strong></span> 
     </span>
     <span class='ocr_line' id='line_1_30' title="bbox 643 3489 2694 3572; baseline 0.001 -23"><span class='ocrx_word' id='word_1_220' title='bbox 643 3489 915 3570; x_wconf 79' lang='grc' dir='ltr'><strong><em>κέχρηται</em></strong></span> <span class='ocrx_word' id='word_1_221' title='bbox 933 3490 987 3562; x_wconf 85' lang='grc'><strong>”,</strong></span> <span class='ocrx_word' id='word_1_222' title='bbox 1067 3493 1169 3572; x_wconf 89' lang='lat' dir='ltr'><strong>qui</strong></span> <span class='ocrx_word' id='word_1_223' title='bbox 1227 3493 1434 3552; x_wconf 85' lang='lat' dir='ltr'><strong>Ionica</strong></span> <span class='ocrx_word' id='word_1_224' title='bbox 1512 3492 1761 3552; x_wconf 87' lang='lat' dir='ltr'><strong>dialecto</strong></span> <span class='ocrx_word' id='word_1_225' title='bbox 1851 3513 1993 3552; x_wconf 81' lang='lat' dir='ltr'><strong>usus</strong></span> <span class='ocrx_word' id='word_1_226' title='bbox 2069 3515 2196 3554; x_wconf 90' lang='lat' dir='ltr'><strong>esse</strong></span> <span class='ocrx_word' id='word_1_227' title='bbox 2270 3496 2572 3554; x_wconf 87' lang='lat' dir='ltr'><strong>ferebatur</strong></span> <span class='ocrx_word' id='word_1_228' title='bbox 2594 3494 2694 3572; x_wconf 81' lang='lat'><strong>²)?</strong></span> 
     </span>
    </p>

    <p class='ocr_par' dir='ltr' id='par_1_10' title="bbox 817 3595 2693 3674">
     <span class='ocr_line' id='line_1_31' title="bbox 817 3595 2693 3674; baseline 0.003 -22"><span class='ocrx_word' id='word_1_229' title='bbox 817 3595 974 3653; x_wconf 89' lang='lat' dir='ltr'><strong>Hine</strong></span> <span class='ocrx_word' id='word_1_230' title='bbox 1021 3600 1173 3667; x_wconf 86' lang='lat' dir='ltr'><strong>nata,</strong></span> <span class='ocrx_word' id='word_1_231' title='bbox 1222 3614 1372 3673; x_wconf 89' lang='lat' dir='ltr'><strong>quae</strong></span> <span class='ocrx_word' id='word_1_232' title='bbox 1416 3596 1599 3654; x_wconf 87' lang='lat' dir='ltr'><strong>habet</strong></span> <span class='ocrx_word' id='word_1_233' title='bbox 1630 3596 1976 3655; x_wconf 84' lang='lat' dir='ltr'><strong>Eustathius</strong></span> <span class='ocrx_word' id='word_1_234' title='bbox 2022 3598 2092 3655; x_wconf 89' lang='lat' dir='ltr'><strong>ad</strong></span> <span class='ocrx_word' id='word_1_235' title='bbox 2132 3619 2167 3653; x_wconf 93' lang='grc' dir='ltr'><strong><em>α</em></strong></span> <span class='ocrx_word' id='word_1_236' title='bbox 2200 3602 2324 3656; x_wconf 85' lang='grc'><strong>414</strong></span> <span class='ocrx_word' id='word_1_237' title='bbox 2356 3598 2567 3674; x_wconf 83' lang='lat'><strong>(1427,</strong></span> <span class='ocrx_word' id='word_1_238' title='bbox 2601 3599 2693 3673; x_wconf 88' lang='lat'><strong>9):</strong></span> 
     </span>
    </p>
   </div>
   <div class='ocr_carea' id='block_1_5' title="bbox 648 3749 1057 3757">
    <p class='ocr_par' dir='ltr' id='par_1_11' title="bbox 648 3749 1057 3757">
     <span class='ocr_line' id='line_1_32' title="bbox 648 3749 1057 3757; baseline 0 1193"><span class='ocrx_word' id='word_1_239' title='bbox 648 3749 1057 3757; x_wconf 95' lang='lat' dir='ltr'><strong> </strong></span> 
     </span>
    </p>
   </div>
   <div class='ocr_carea' id='block_1_6' title="bbox 646 3850 2695 4090">
    <p class='ocr_par' dir='ltr' id='par_1_12' title="bbox 646 3850 2695 4090">
     <span class='ocr_line' id='line_1_33' title="bbox 786 3850 2695 3914; baseline 0.001 -16"><span class='ocrx_word' id='word_1_240' title='bbox 786 3851 836 3914; x_wconf 96' lang='grc'><strong>1)</strong></span> <span class='ocrx_word' id='word_1_241' title='bbox 872 3852 930 3898; x_wconf 87' lang='lat' dir='ltr'><strong>Id</strong></span> <span class='ocrx_word' id='word_1_242' title='bbox 994 3852 1123 3910; x_wconf 89' lang='lat' dir='ltr'><strong>quod</strong></span> <span class='ocrx_word' id='word_1_243' title='bbox 1178 3853 1278 3899; x_wconf 86' lang='lat' dir='ltr'><strong>iam</strong></span> <span class='ocrx_word' id='word_1_244' title='bbox 1335 3850 1580 3899; x_wconf 84' lang='lat' dir='ltr'><strong>Schubert</strong></span> <span class='ocrx_word' id='word_1_245' title='bbox 1630 3853 1883 3912; x_wconf 82' lang='lat' dir='ltr'><strong>perspexit</strong></span> <span class='ocrx_word' id='word_1_246' title='bbox 1948 3851 2304 3913; x_wconf 81' lang='lat' dir='ltr'><strong>(Sitzungsber.</strong></span> <span class='ocrx_word' id='word_1_247' title='bbox 2357 3855 2441 3901; x_wconf 86' lang='lat' dir='ltr'><strong>der</strong></span> <span class='ocrx_word' id='word_1_248' title='bbox 2493 3854 2695 3901; x_wconf 87' lang='lat' dir='ltr'><strong>Wiener</strong></span> 
     </span>
     <span class='ocr_line' id='line_1_34' title="bbox 646 3936 2078 4002; baseline 0.003 -19"><span class='ocrx_word' id='word_1_249' title='bbox 646 3938 911 3985; x_wconf 83' lang='lat' dir='ltr'><strong>Academie</strong></span> <span class='ocrx_word' id='word_1_250' title='bbox 947 3938 1034 3987; x_wconf 89' lang='lat' dir='ltr'><strong>der</strong></span> <span class='ocrx_word' id='word_1_251' title='bbox 1069 3936 1370 3986; x_wconf 84' lang='lat' dir='ltr'><strong>Wissenscb.</strong></span> <span class='ocrx_word' id='word_1_252' title='bbox 1412 3938 1493 3984; x_wconf 81' lang='lat'><strong>92.</strong></span> <span class='ocrx_word' id='word_1_253' title='bbox 1532 3939 1593 3984; x_wconf 89' lang='grc' dir='ltr'><strong>Β.</strong></span> <span class='ocrx_word' id='word_1_254' title='bbox 1633 3953 1679 3998; x_wconf 91' lang='lat' dir='ltr'><strong>p.</strong></span> <span class='ocrx_word' id='word_1_255' title='bbox 1719 3940 1814 3986; x_wconf 80' lang='lat'><strong>547</strong></span> <span class='ocrx_word' id='word_1_256' title='bbox 1856 3939 1968 3988; x_wconf 85' lang='lat' dir='ltr'><strong>adn.</strong></span> <span class='ocrx_word' id='word_1_257' title='bbox 2011 3936 2078 4002; x_wconf 80' lang='lat'><strong>2).</strong></span> 
     </span>
     <span class='ocr_line' id='line_1_35' title="bbox 786 4023 2581 4090; baseline 0.001 -18"><span class='ocrx_word' id='word_1_258' title='bbox 786 4023 838 4090; x_wconf 81' lang='lat'><strong>2)</strong></span> <span class='ocrx_word' id='word_1_259' title='bbox 875 4024 934 4070; x_wconf 84' lang='lat' dir='ltr'><strong>cf.</strong></span> <span class='ocrx_word' id='word_1_260' title='bbox 972 4028 1227 4083; x_wconf 79' lang='lat' dir='ltr'><strong>grammat.</strong></span> <span class='ocrx_word' id='word_1_261' title='bbox 1265 4026 1565 4073; x_wconf 83' lang='lat' dir='ltr'><strong>Meermann.</strong></span> <span class='ocrx_word' id='word_1_262' title='bbox 1602 4026 1662 4071; x_wconf 88' lang='lat' dir='ltr'><strong>de</strong></span> <span class='ocrx_word' id='word_1_263' title='bbox 1700 4026 1814 4072; x_wconf 80' lang='lat' dir='ltr'><strong>dial.</strong></span> <span class='ocrx_word' id='word_1_264' title='bbox 1853 4026 1960 4072; x_wconf 90' lang='lat' dir='ltr'><strong>Ion.</strong></span> <span class='ocrx_word' id='word_1_265' title='bbox 1996 4041 2044 4086; x_wconf 83' lang='lat' dir='ltr'><strong>p.</strong></span> <span class='ocrx_word' id='word_1_266' title='bbox 2082 4028 2180 4074; x_wconf 81' lang='lat'><strong>629</strong></span> <span class='ocrx_word' id='word_1_267' title='bbox 2219 4027 2295 4074; x_wconf 87' lang='lat' dir='ltr'><strong>ed.</strong></span> <span class='ocrx_word' id='word_1_268' title='bbox 2334 4025 2581 4074; x_wconf 78' lang='lat' dir='ltr'><strong>Schaefer.</strong></span> 
     </span>
    </p>
   </div>
  </div>
 </body>
</html>
