3234 4950
538 349 642 429 '111
1361 350 1786 433 -61--

537 540 736 618 Apoll.
801 541 977 620 Dysc.
1042 545 1113 600 de
1173 549 1392 602 constr.
1460 547 1598 616 103,
1670 547 1745 601 14
1807 543 1977 619 (104,
2027 542 2109 620 3).
2170 546 2313 618 312,
2361 546 2460 601 22.
2522 542 2592 600 de

538 666 705 721 pron.
740 650 817 704 86
851 647 898 702 Β
944 638 1366 721 (Πλατωνικὸν
1410 643 1644 721 βιβλίον
1689 646 2028 721 exemplum
2073 646 2331 704 nominis
2361 665 2592 722 posses-

539 748 654 807 sivi
700 749 874 806 Dion.
920 747 1061 806 Thr.
1107 767 1164 823 p.
1213 748 1311 821 27,
1361 748 1444 825 2).

708 871 766 926 p.
801 856 898 922 36,
940 855 1204 909 19-28.
1294 850 1460 914 Quae
1503 857 1744 909 19—28
1778 855 2176 927 exponuntur,
2222 851 2356 909 ideo
2404 851 2593 908 offen-

539 953 763 1012 sionem
803 955 1108 1030 praebent,
1157 954 1314 1032 quod
1361 973 1434 1012 ne
1482 955 1723 1013 mutatis
1769 954 2008 1033 quidem
2053 953 2593 1030 praepositionibus

538 1058 831 1135 quispiam
876 1076 1082 1116 versus
1127 1057 1335 1115 melius
1378 1058 1691 1133 intellegit.
1758 1059 1911 1117 Sunt
1953 1059 2139 1116 verba
2183 1057 2441 1115 hominis
2483 1057 2592 1114 im-

537 1160 877 1235 prudentis,
941 1161 1042 1239 qui
1105 1158 1328 1218 scholio
1390 1161 1461 1217 ad
1521 1160 1561 1219 1.
1621 1160 1662 1218 1.
1724 1159 1890 1219 velut
1935 1160 2015 1220 T:
2092 1150 2132 1235 ἡ
2178 1152 2415 1239 “patei''
2464 1152 2595 1216 ἀντὶ

537 1262 645 1337 τῆς
690 1258 846 1340 ‘gul’
892 1258 993 1319 καὶ
1039 1262 1146 1337 τῆς
1191 1258 1341 1341 ιἔν’·
1433 1313 1464 1342 u
1483 1254 1778 1339 στεροπὴν
1822 1254 1965 1337 μετὰ
2026 1258 2266 1339 χερσὶν”
2313 1259 2462 1338 ἔχων
2507 1264 2594 1338 (Λ

547 1363 690 1441 184)
733 1367 805 1423 ad
852 1365 1204 1424 sententiam
1253 1384 1590 1443 perversam
1634 1367 1918 1424 adductus
1946 1365 2214 1437 videtur3
2261 1384 2394 1423 nam
2444 1386 2589 1445 quo-

538 1467 712 1525 modo
758 1468 870 1527 hoc
899 1467 1188 1527 scholium
1219 1469 1730 1544 interpretandum
1762 1468 1858 1540 sit,
1905 1469 2269 1528 demonstrat
2298 1467 2480 1526 schol.
2515 1467 2592 1526 B:

538 1561 578 1644 ἦ
623 1563 864 1649 ιιμετιιὶ”
911 1570 1021 1627 νῦν
1066 1562 1194 1627 ἀντὶ
1239 1571 1346 1644 τῆς
1390 1566 1566 1649 ιέπίῖ
1658 1566 1779 1628 ἔστι
1839 1565 1902 1628 δὲ
1961 1566 2058 1627 καὶ
2110 1562 2239 1627 ἀντὶ
2285 1570 2390 1644 τῆς
2435 1567 2585 1649 ,ἕνλ

540 1668 703 1751 ιιἔχει
748 1665 1042 1749 στεροπὴν
1087 1666 1230 1748 μετὰ
1276 1671 1512 1749 χερσίν”
1560 1674 1648 1750 (Λ
1685 1673 1851 1751 184).
1915 1675 2127 1754 Neque
2170 1673 2360 1732 libelli
2392 1680 2592 1732 aucto-

539 1794 664 1832 rem
709 1781 829 1835 tam
876 1775 1056 1835 stulta
1101 1776 1516 1851 conscripsisse
1579 1796 1610 1833 e
1657 1776 1904 1856 reliquis
1949 1776 2152 1852 figuris
2198 1777 2591 1851 cognoscitur,

541 1878 614 1934 ab
661 1879 865 1936 eodem
912 1880 1109 1955 potius
1152 1880 1423 1951 homine,
1484 1879 1584 1958 qui
1634 1900 1689 1956 p.
1738 1884 1838 1952 40,
1893 1883 2129 1937 18—21
2180 1886 2386 1954 postea
2432 1879 2594 1936 addi-

540 1979 643 2056 dit,
706 1979 883 2039 etiam
942 1982 1088 2040 haec
1148 1982 1413 2056 profecta
1463 2001 1590 2040 esse
1638 1982 1922 2056 suspicor.
1974 2015 2044 2024 —-
2097 1982 2413 2040 Praeterea
2458 2001 2590 2040 cum

537 2100 683 2142 voce
728 2075 792 2139 τό
848 2076 1175 2157 Ποιητικόν
1221 2104 1339 2142 non
1386 2089 1605 2143 certam
1652 2084 1883 2142 dicendi
1913 2084 2223 2157 rationem,
2269 2103 2386 2162 qua
2417 2090 2594 2162 poeta

537 2185 909 2260 potissimum
954 2207 1094 2245 usus
1140 2187 1234 2260 sit,
1281 2188 1382 2245 sed
1428 2193 1658 2246 tantum
1691 2187 1916 2268 ‘locum
1948 2187 2195 2245 Homeri
2216 2186 2232 2213 '
2272 2180 2591 2262 significari

538 2287 784 2361 eluceat,
829 2289 909 2368 τῷ
963 2290 1269 2367 Ποιητικῷ
1332 2289 1632 2364 propriam
1678 2290 1875 2348 sedem
1935 2290 2255 2348 concedere
2302 2289 2587 2349 dubitavi.

712 2411 770 2466 p.
817 2391 919 2462 37,
974 2387 1153 2472 14s15
1200 2392 1268 2449 L.
1346 2388 1570 2461 ἔξωθεν
1614 2386 2233 2468 προσυπακουομὲνης
2283 2391 2590 2450 confirma·

540 2503 638 2552 tur
680 2496 941 2554 Ariston.
988 2495 1168 2554 schol.
1216 2498 1287 2553 ad
1336 2497 1591 2555 Patrocli
1637 2497 1823 2556 verba
1872 2496 1941 2550 H
1981 2500 2137 2555 559:
2183 2522 2188 2527 ·

793 2600 978 2655 κεῖται
1024 2590 1176 2673 ἀνὴρ
1223 2590 1292 2666 ὃς
1335 2599 1571 2673 πρῶτος
1617 2590 1862 2673 ἐσήλατο
1907 2600 2094 2674 τεῖχος
2116 2591 2390 2674 Ἀχαιῶν,

795 2692 1156 2775 Σαρπηδών.
1247 2692 1378 2756 ἀλλ’
1424 2682 1481 2758 εἶ’
1520 2723 1621 2774 μιν
1668 2692 2107 2776 ἀεικισσαίμεθ’
2154 2693 2395 2770 ἑλόντες.

540 2802 722 2862 schol.
772 2808 858 2860 A:
905 2795 997 2860 ὄτι
1042 2798 1264 2873 ἔξωθεν
1308 2800 1881 2880 προσυπακουστέον
1925 2796 1989 2862 τό
2032 2805 2257 2883 ,καλῶς
2303 2796 2378 2861 ἂν
2412 2799 2548 2879 ἔχω’
2572 2823 2586 2837 ·

542 2903 627 2984 ιεἰ
668 2898 851 2963 αὐτὸν
896 2898 1121 2974 ἑλόντες
1166 2898 1637 2981 ἄεικισσαίμεθα,
1684 2907 1879 2975 καλῶς
1923 2898 1996 2963 ἂν
2039 2903 2208 2982 ἔχω’.

709 3030 767 3087 p.
818 3014 916 3086 38,
965 3015 999 3067 6
1049 3010 1111 3069 B.
1200 3010 1396 3087 χρυσῷ
1459 3006 1560 3065 καὶ
1618 3010 1934 3068 inserenda
1994 3028 2121 3067 esse
2181 3015 2345 3084 puto,
2413 3010 2589 3087 quod,

540 3113 639 3190 qui
688 3110 936 3171 Homeri
1001 3112 1191 3171 locum
1257 3112 1659 3188 explicaturus
1720 3119 1864 3183 erat,
1928 3130 2047 3170 non
2108 3111 2349 3171 alteram
2407 3111 2589 3169 solam

538 3233 745 3273 vocem
792 3211 1142 3294 “sadiwoy’'
1190 3216 1564 3291 interpretari
1612 3216 1882 3274 debebat.

709 3337 765 3392 p.
799 3322 896 3390 39,
946 3314 1045 3399 315
1081 3318 1147 3377 Β.
1215 3302 1377 3376 Cum*
1404 3319 1588 3376 verba
1617 3337 1652 3375 a
1683 3318 1729 3375 B
1775 3317 1994 3377 tradita
2038 3313 2213 3396 “gnei
2258 3310 2326 3391 μ’
2381 3310 2587 3374 ἀποεί-

538 3440 667 3495 ρετο
712 3415 989 3496 κούρην”
1048 3421 1109 3478 in
1174 3420 1434 3480 Homero
1497 3441 1617 3479 non
1681 3420 2082 3493 inveniantur,
2143 3420 2303 3478 haud
2362 3419 2585 3492 dubito,

538 3524 680 3602 quin
727 3524 919 3582 scriba
963 3523 1235 3601 sequenti
1267 3523 1540 3598 exemplo
1588 3519 1765 3603 “gnei
1809 3515 1876 3597 μ’
1915 3513 2212 3596 ἀφέλεσθέ
2238 3541 2304 3599 γε
2334 3515 2537 3590 δόντες
2553 3519 2584 3547 ”

535 3626 598 3682 in
645 3644 900 3684 errorem
935 3626 1143 3686 ductus
1173 3625 1266 3686 sit.
1335 3626 1394 3684 Si
1428 3633 1624 3685 autem
1656 3619 1966 3703 ἄποείρετο
2000 3625 2362 3700 corrigimus,
2410 3625 2586 3685 etiam

537 3720 802 3798 ἀφείλετο
848 3729 910 3808 (1.
960 3728 1087 3806 718)
1133 3728 1323 3787 locum
1369 3730 1587 3788 habere
1632 3748 1753 3787 non
1798 3733 2012 3804 potest.
2361 3713 2366 3718 ’

707 3852 764 3908 p.
794 3836 894 3908 39,
926 3836 983 3890 9.
1031 3829 1201 3893 Quod
1235 3832 1283 3890 L
1310 3822 1577 3907 ἡρωϊκόν
1606 3851 1714 3906 pro
1756 3823 2027 3907 Τρωϊκόν
2055 3831 2270 3890 vitiose
2302 3829 2586 3901 exaravit,

539 3936 858 3994 notandum
907 3941 999 3993 est
1041 3934 1281 3992 inversa
1324 3932 1554 3992 ratione
1601 3952 1678 3992 ex
1715 3934 1948 3993 Lehrsii
2003 3932 2282 4008 opinione
2329 3925 2581 4009 (Arist.⁸

537 4057 590 4112 p.
619 4041 754 4107 193,
791 4059 843 4095 n.
878 4039 1016 4111 113)
1050 4037 1423 4095 scholiastam
1466 4041 1517 4093 Β
1542 4037 1671 4094 ΤΠ
1690 4036 1804 4094 371
1844 4037 2195 4112 peccavisse,
2229 4056 2359 4095 cum
2394 4036 2590 4112 Τρῶες
