3234 4950
581 384 647 457 ΙΙ
1403 376 1860 445 ——3—-.

1049 558 1106 614 A
2106 545 2156 606 B

581 659 905 732 Βοιωτίας,
972 651 1006 717 ὃ
1077 650 1152 733 δὴ
1217 653 1315 716 καὶ
1392 656 1459 711 H
1470 676 1576 713 ιν-
1632 645 1744 732 γὰρ
1805 652 2233 726 πληθυντικοῖς
2296 643 2632 726 ἆρσενικοῖς

580 756 905 842 δαρικὸν
973 757 1217 840 λέγεται,
1286 753 1374 818 ὅτι
1439 761 1573 817 πολ·
1632 751 1735 813 καὶ
1767 755 2054 828 θηλυκοῖς
2094 743 2382 827 ὀνόμασιν
2426 745 2628 824 ἐπιφέ-

577 862 748 936 adme
793 858 955 946 αὐτῷ
984 859 1275 940 κέχρηται.
1361 860 1577 940 γίνεται
1633 872 1802 935 ρουσι
1882 848 2118 932 ῥήματα
2192 846 2376 912 ἑνικά.
2481 849 2632 926 φασὶ

579 966 643 1029 δὲ
674 964 896 1038 οὕτως·
951 961 1442 1052 ιΛακεδαιμοίιιοι
1470 983 1576 1021 πο·
1632 953 1743 1037 γὰρ
1819 950 2319 1037 ,Λακεδαιμόνιοι
2395 957 2637 1031 πολεμεῖ

578 1075 739 1148 λεμεῖ
763 1065 1146 1146 Ἀθηναῖοιςῇ
1169 1061 1579 1146 ιμελιρρόθων
1629 1053 2019 1136 Ἀθηναίοις’.
2145 1054 2246 1117 καὶ
2329 1056 2631 1135 Πίνδαρος

578 1168 631 1232 δ’
661 1171 858 1233 ἕπεται
893 1164 1222 1246 πλόκαμοι”
1267 1170 1461 1247 <Pind.
1503 1171 1576 1229 fr.
1631 1160 1876 1242 “gnam
1920 1156 2260 1237 πλόκᾱμοι”
2307 1160 2506 1239 (Pind.
2555 1160 2630 1220 fr.

580 1283 701 1337 286
735 1279 875 1337 Boe.
903 1281 1023 1334 246
1058 1273 1274 1350 ng.⁴)
1308 1265 1437 1331 ἀντὶ
1471 1274 1578 1332 τοῦ
1633 1271 1754 1325 286
1787 1267 1926 1325 Boe.
1960 1270 2081 1323 246
2114 1263 2329 1341 ng4)
2362 1257 2493 1321 ἀντὶ
2527 1263 2634 1321 τοῦ

578 1378 839 1451 ἕπονται,
871 1374 970 1436 καὶ
1012 1372 1312 1456 ,ιδιήγεται
1343 1372 1408 1436 δὲ
1436 1370 1575 1454 6029-
1630 1364 1894 1440 ἕπονται,
1940 1364 2042 1425 καὶ
2080 1360 2353 1452 σιδιήγετο
2384 1359 2633 1444 σάρκες”

577 1482 710 1552 κες”
768 1482 969 1561 (Pind.
1013 1482 1084 1540 fr.
1134 1486 1256 1540 286
1313 1482 1452 1540 Boe.
1501 1480 1574 1540 of.
1631 1464 1767 1528 ἀντὶ
1805 1471 1915 1529 τοῦ
1946 1463 2245 1549 «labrom,
2294 1461 2377 1538 ὥς
2418 1464 2519 1527 καὶ
2565 1460 2631 1526 τό

577 1588 807 1661 Bergk⁴
860 1586 936 1644 ad
977 1585 1053 1645 fr.
1100 1586 1247 1663 246)
1294 1577 1425 1642 ἀντὶ
1470 1585 1577 1642 τοῦ
1629 1574 1770 1650 ..τῆς
1793 1558 1944 1648 δ’ἦν
1966 1574 2120 1650 τρεῖς
2142 1570 2633 1648 κεφαλαί”<ΗθΒ.

578 1681 869 1765 διήγοντο.
958 1680 1232 1764 ‘'Op-»2909
1292 1684 1441 1767 “nal
1501 1680 1576 1763 δὴ
1632 1676 1853 1751 Theog.
1901 1673 2066 1750 321).
2155 1668 2370 1733 τούτου
2414 1669 2480 1732 δὲ
2524 1675 2633 1732 τοῦ

580 1789 772 1868 δοῦρα
797 1787 1014 1866 σέσηπε
1039 1793 1188 1849 νεῶν
1210 1787 1309 1848 καὶ
1343 1784 1575 1866 σπάρτα
1631 1771 1927 1855 σχήματός
1957 1773 2074 1836 ἔστι
2125 1773 2225 1835 καὶ
2259 1769 2323 1836 τό
2361 1780 2485 1846 τοῖς
2530 1771 2633 1836 οὗ·

575 1889 886 1951 λέλυνται”
938 1895 1016 1973 (Β
1067 1896 1214 1969 135)
1277 1887 1410 1950 ἀντὶ
1467 1895 1576 1951 τοῦ
1631 1876 1890 1958 δετέροις
1935 1880 2368 1954 πληθυντικοῖς
2411 1873 2628 1955 ὄνόμα-

576 1988 916 2072 σεσήπασιυ,
1629 1999 1724 2040 σιν
1768 1975 1934 2040 {vtato}
1979 1975 2217 2059 ῥήματα
2264 1975 2520 2060 ἐπάγειν.
2599 1975 2633 2041 ὃ

1629 2082 1728 2142 καὶ
1762 2081 1980 2162 λέγεται
2013 2079 2425 2162 ἕτεράριθμον.
2504 2075 2634 2143 οἷον

1625 2179 1716 2266 ,toi
1776 2180 2051 2265 πρόβατα
2108 2180 2421 2263 βόσκει-αι’.
2531 2184 2633 2246 καὶ

1628 2283 1902 2366 ’Όμηρος
1944 2281 2171 2368 αι’ίσϊρα
2201 2284 2266 2348 δὲ
2296 2285 2373 2366 δὴ
2414 2286 2633 2367 προβέ-

1627 2388 1811 2467 βηκε”
1841 2391 1928 2469 (Κ
1958 2390 2126 2468 252),
2165 2387 2302 2470 ..καὶ
2334 2384 2409 2466 δὴ
2442 2390 2632 2471 δοῦρα

1627 2490 1843 2570 σέσηπε
1888 2495 2074 2554 νεῶν”
2118 2495 2197 2571 (Β
2247 2496 2412 2572 135).

750 2616 937 2676 Recte
996 2621 1135 2693 post
1199 2607 1508 2690 Θηβαϊκόν
1565 2615 1671 2694 (A)
1732 2617 2009 2677 lacunam
2069 2635 2198 2676 esse
2257 2616 2633 2676 statuendam

575 2717 1010 2778 Valckenarius
1056 2717 1406 2779 observavit
1448 2719 1532 2795 (p.
1584 2722 1705 2777 184
1751 2718 1936 2797 not.);
1993 2738 2128 2777 nam
2172 2721 2361 2780 verba
2404 2714 2523 2776 ἔστι
2570 2714 2633 2776 δὲ

573 2817 672 2878 καὶ
705 2814 840 2877 ἄλλο
871 2822 1064 2896 σχῆμα
1108 2811 1231 2878 simi
1282 2820 1575 2890 Βοιωτίας
1619 2826 1827 2900 aperte
1872 2820 2145 2880 indicant
2186 2822 2439 2882 alteram
2481 2821 2632 2896 figu-

573 2944 702 2982 ram
746 2924 1109 2983 Boeotorum
1156 2925 1461 3001 propriam
1514 2924 1925 2985 antecessisse.
2014 2924 2177 2983 Talis
2221 2924 2449 2999 figurae
2492 2929 2633 2984 ante

579 3019 889 3101 Θηβαϊκόν
932 3028 1102 3085 nulla
1145 3026 1371 3086 mentio
1416 3027 1501 3086 fit.
1590 3029 1784 3087 Porro
1829 3047 1947 3085 non
1993 3026 2423 3102 intellegimus,
2485 3045 2633 3106 quo-

574 3130 748 3188 modo
813 3123 1121 3204 Θηβαϊκόν
1179 3149 1312 3188 cum
1373 3131 1764 3209 sequentibus
1824 3130 2029 3192 verbis
2091 3128 2476 3205 grammatice
2537 3148 2632 3188 co-

572 3234 836 3290 haereat.
927 3232 1075 3291 Inde
1108 3231 1364 3306 primum
1395 3233 1470 3293 de
1501 3232 1597 3306 fig.
1629 3233 1931 3305 Thebana,
1976 3231 2194 3292 deinde
2239 3232 2313 3291 de
2350 3231 2450 3305 fig.
2482 3232 2633 3292 Boe-

574 3341 803 3394 otorum
852 3334 1285 3394 Lesbonactem
1334 3334 1526 3409 egisse
1572 3334 1859 3414 sequitur.
1966 3333 2128 3399 Quid
2186 3339 2387 3395 autem
2443 3334 2634 3395 tradit

575 3438 766 3498 altera
824 3436 1137 3497 recensio?
1242 3438 1662 3498 Thebanorum
1722 3438 1976 3513 figuram
2035 3436 2323 3524 schemati
2387 3437 2631 3515 Cymae-

576 3559 744 3599 orum
811 3539 1054 3619 proprio
1121 3539 1455 3619 oppositam
1515 3561 1587 3601 eo
1648 3539 2003 3613 consistere,
2069 3541 2228 3620 quod
2288 3539 2632 3602 nominibus

573 3642 795 3718 plurali
839 3642 1053 3719 positis
1085 3645 1272 3703 verba
1306 3643 1597 3718 singulari
1630 3663 1880 3703 numero
1926 3647 2270 3702 annectunt.
2362 3643 2628 3702 Eandem

573 3744 761 3819 igitur
804 3746 1138 3805 doctrinam
1184 3746 1476 3819 audimus,
1541 3767 1719 3826 quam
1764 3746 1830 3804 in
1879 3744 2079 3823 priore
2125 3744 2474 3804 recensione
2520 3748 2629 3804 sub

576 3848 934 3907 Boeotorum
998 3848 1127 3910 sive
1189 3847 1435 3907 Pindari
1501 3849 1743 3908 nomine
1811 3853 2199 3907 memoratam
2264 3847 2628 3907 invenimus.

576 3951 786 4030 Neque
832 3951 1106 4028 exempla
1167 3957 1418 4031 utroque
1478 3953 1605 4011 loco
1664 3951 1866 4011 addita
1916 3951 2221 4011 differunt.
2325 3953 2409 4009 At
2464 3955 2629 4009 ante-

574 4052 734 4112 cedit
776 4052 839 4111 in
887 4053 934 4110 B
980 4073 1097 4111 non
1146 4055 1397 4112 alterum
1445 4053 1864 4113 Thebanorum
1915 4055 2183 4125 schema,
2244 4054 2350 4112 sed
2410 4073 2625 4114 novum

2145 4151 2214 4213 1*
