3234 4950
1493 361 1916 427 ...76-
2636 362 2722 423 IV

673 536 1218 596 schematibus
1263 537 1565 608 docentur,
1633 535 2036 596 vetustissima
2078 534 2331 610 vestigia
2390 537 2543 611 apud
2590 535 2723 594 Ari-

673 641 968 700 starchum
1018 640 1558 717 deprehenduntur.

864 741 924 820 1)
958 737 1254 818 Ἰβύκειον
1297 743 1509 818 σχῆμα.

975 848 1030 903 Ε
1076 853 1145 906 4:
1193 842 1324 905 δαῖέ
1369 843 1431 905 οἱ
1472 843 1537 905 ἐκ
1581 838 1856 924 κόρυθός
1885 865 1943 904 τε
1975 841 2074 904 καὶ
2105 837 2362 914 άσπίδος
2408 838 2720 920 ἀκάματον

2499 950 2637 1025 πῦρ,

1195 1043 1399 1128 ἀστέρ’
1445 1043 1729 1133 όπωρινῷ
1777 1047 2127 1129 ἐναλίγκιον,
2176 1044 2244 1119 ὅς
2288 1070 2348 1108 τε
2393 1045 2639 1125 μάλιστα

1195 1148 1467 1233 λαμπρόν
1525 1153 1911 1237 παμφαίνῃσι
1976 1150 2324 1228 λελουμένος
2387 1147 2720 1212 Ὠκεανοῖο.

842 1259 1216 1319 Aristonicus
1261 1258 1441 1320 schol,
1490 1262 1542 1316 A
1588 1279 1646 1318 v.
1695 1263 1766 1317 6:
1828 1255 2238 1339 παμφαίνῃσι]
2301 1250 2393 1315 ὅτι
2439 1248 2569 1314 ἀντὶ
2618 1257 2724 1315 τοῦ

672 1360 1012 1442 παμφαίνῃ.
1057 1354 1354 1431 πλεονάζει
1398 1355 1460 1418 δὲ
1493 1351 1736 1436 ’Ἴβυκος
1781 1360 1862 1439 τῷ
1909 1352 2181 1441 τοιούτῳ.

979 1464 1040 1519 Χ
1082 1468 1196 1522 21:
2370 1455 2638 1539 ἐβεβήκει

1196 1560 1521 1641 σευάμενος
1594 1560 1677 1635 ὥς
1750 1560 1821 1623 θ’
1896 1563 2112 1635 ἵππος,
2160 1557 2541 1644 ἀεθλοφόρος
2613 1559 2724 1622 <niv

2324 1743 2328 1748 ,
2373 1661 2637 1745 ὄχεσφιν,

1193 1765 1262 1841 ὅς
1305 1767 1383 1850 ῥά
1424 1793 1484 1832 τε
1529 1770 1660 1849 ῥεῖα
1703 1770 1881 1857 θέῃσι
1931 1766 2331 1848 τιταινόμενος
2376 1770 2621 1830 πεδίοιο.

843 1875 1213 1935 Aristonicus
1246 1877 1429 1935 schol.
1457 1880 1504 1933 A
1540 1898 1595 1938 v.
1632 1882 1745 1935 23:
1793 1870 1886 1934 fin
1933 1929 1963 1956 u
1984 1872 2197 1959 θέῃσιν
2216 1873 2246 1903 ”
2280 1867 2408 1933 άντὶ
2442 1876 2550 1933 τοῦ
2584 1870 2718 1957 θέῃ.

681 1971 981 2050 πλεονάζει
1029 1973 1093 2036 δὲ
1137 1979 1218 2060 τῷ
1265 1971 1517 2060 τοιούτῳ
1565 1972 1816 2055 σχήματι
1845 1971 2090 2055 Ἴβυκος
2116 1982 2191 2055 ¹).

862 2081 925 2153 2)
964 2073 1361 2155 Ἀλκμανικόν
1406 2083 1616 2157 σχῆμα.

969 2189 1027 2262 a)
1076 2185 1133 2241 E
1181 2184 1334 2244 7⁷3:
1389 2175 1520 2241 ἀλλ’
1566 2177 1664 2242 ὅτε
1710 2175 1783 2259 δὴ
1819 2183 2036 2263 Τροίην
2082 2176 2208 2256 ἷξον
2247 2177 2494 2260 ποταμώ
2527 2203 2585 2241 τε
2631 2180 2722 2259 ρ”έ-

2483 2306 2632 2354 οντε,

1386 2377 1481 2472 ᾗχι
1528 2381 1679 2468 ῤὀοὶς
1710 2382 1954 2464 Σιμόεις
1983 2382 2380 2465 συμβάλλετον
2426 2381 2530 2465 ἠδὲ
2563 2383 2722 2446 Σκά-

2356 2491 2630 2572 μανδρος.

839 2597 1101 2655 Ariston.
1139 2596 1320 2656 schol.
1355 2600 1405 2653 A
1436 2618 1494 2656 v.
1532 2595 1686 2655 774:
1735 2589 1823 2653 ὅτι
1871 2589 1933 2653 τό
1984 2590 2120 2652 κατ’
2173 2588 2525 2674 άμφοτέρων
2557 2594 2720 2673 ῥῆμα

668 2692 884 2771 μεταξύ
927 2696 1046 2756 τῶν
1093 2690 1407 2773 ὀνομάτων
1451 2694 1697 2774 τέταχεν.
1759 2695 1878 2756 ἔδει
1938 2692 2051 2777 γάρ
2117 2686 2237 2779 ιᾗχι
2283 2692 2430 2775 ῥοάς
2475 2690 2721 2773 Σιμόεις

669 2798 765 2859 καὶ
811 2797 1209 2879 Σκάμανδρος
1255 2795 1701 2878 συμβάλλετον’.
1750 2795 1941 2881 τούτῳ
1990 2797 2052 2859 δὲ
2086 2803 2164 2882 τῷ
2197 2798 2321 2860 ἔθει
2356 2795 2716 2861 πεπλεόνακε

669 2902 770 2963 καὶ
814 2896 1083 2980 Ἀλκμάν.
1152 2898 1245 2963 διό
1310 2901 1405 2962 καὶ
1469 2907 1725 2963 καλεῖται
1767 2896 2173 2979 Ἀλκμανικόν,
2233 2896 2340 2979 οὐχ
2403 2897 2494 2962 ὅτι
2538 2896 2718 2971 αὐτός

669 2995 878 3087 [οὗτος
940 3007 1377 3080 Friedlaender,
1442 2997 1602 3089 αὐτῷ
1651 3006 1849 3085 Horu]
1917 3008 2151 3085 πρῶτος
2211 3001 2517 3085 ἐχρήσατο,
2578 3001 2709 3064 ἀλλ’

668 3105 757 3170 ὅτι
801 3112 880 3193 τῷ
925 3104 1176 3190 τοιούτῳ
1208 3106 1340 3169 ἔθει
1385 3093 1804 3169 πεπλεόνακεν.

965 3214 1028 3292 b)
1079 3215 1134 3270 Τ
1177 3219 1326 3276 138;
1375 3211 1427 3272 εἰ
1455 3209 1519 3272 δέ
1562 3209 1625 3271 κ’
1661 3206 1852 3292 ’Ἄρης
1883 3206 2105 3292 ἄρχωσι
2135 3207 2324 3290 μάχης
2352 3209 2454 3272 καὶ
2484 3211 2715 3289 Φοῖβος

2291 3309 2627 3376 Ἀπόλλων.

839 3420 1099 3479 Ariston.
1148 3419 1329 3480 schol.
1379 3424 1463 3479 A:
1512 3412 1612 3478 ὅτι·
1654 3413 1995 3496 Ζηνόδοτος
2041 3413 2256 3498 γράφει
2287 3412 2614 3502 αᾶρχῃσῦζ
2679 3411 2716 3477 ό

667 3514 1039 3600 δὲ”Ὀμηρος
1098 3515 1162 3580 τό
1227 3513 1368 3580 κατ’
1428 3513 1783 3600 ἀμφοτέρων
1848 3520 1967 3580 τῶν
2030 3514 2339 3597 ὀνομάτων
2401 3518 2714 3598 τιθέμενον

806 3723 852 3792 1)
889 3729 1173 3774 Notandum
1210 3730 1286 3774 est
1319 3726 1659 3774 Aristarchum
1695 3742 1726 3774 a
1762 3727 2065 3775 Lesbonacte
2102 3742 2159 3775 eo
2197 3727 2410 3786 differre,
2459 3727 2592 3787 quod
2629 3728 2714 3774 ille

663 3829 760 3860 non
797 3814 1166 3861 coniunctivum
1202 3827 1291 3872 pro
1329 3813 1597 3860 indicativo
1649 3813 1712 3860 ab
1750 3814 1966 3861 Homero
2003 3813 2234 3874 positum,
2284 3813 2372 3860 sed
2408 3812 2711 3861 coniunctivi

663 3901 869 3946 formam
920 3900 1195 3960 regularem
1249 3899 1450 3961 syllaba
1500 3895 1553 3950 ’ἁῖ
1606 3904 1804 3948 auctam
1855 3914 1963 3948 esse
2017 3901 2163 3947 docet
2211 3900 2292 3963 (cf.
2331 3899 2711 3947 Friedlaender:

662 3987 1074 4045 schematologiae
1123 3987 1393 4034 Aristarch.
1451 4002 1498 4046 p.
1539 3990 1615 4043 10,
1659 3983 1724 4052 1).
1808 3987 1904 4034 Sed
1956 3988 2076 4033 haec
2128 3986 2457 4046 discrepantia
2507 3986 2713 4033 debetur

661 4072 867 4120 fortasse
902 4073 1161 4121 recentiori
1199 4074 1545 4123 Aristarcheae
1582 4073 1831 4123 doctrinae
1870 4074 2229 4137 depravationi.
