3234 4950
502 1613 622 1688 DE
658 1612 1050 1690 LIBELLO
1080 1618 1762 1686 ΛΕΣΒΩΝΑΚΤΟΣ
1796 1619 1998 1686 ΠΕΡΙ
2039 1620 2548 1688 ΣΧΗΜΑΊῺΝ

1208 1749 1830 1828 RECENSENDO.

681 1960 1099 2055 Lesbonactis
1159 1988 1292 2068 περὶ
1354 1986 1668 2068 σχημάτων
1724 1992 1996 2053 libellum
2057 1997 2370 2071 postquam
2418 1993 2557 2053 Val-

502 2094 816 2154 ckenarius
863 2115 996 2154 cum
1027 2093 1348 2154 Ammonio
1395 2100 1534 2154 ante
1580 2097 1692 2154 hos
1725 2096 1857 2153 CLI
1897 2115 2083 2153 annos
2124 2096 2313 2169 Lugd.
2348 2096 2554 2156 Batav.

502 2197 707 2270 edidit,
755 2218 928 2257 nemo
965 2198 1167 2258 dedita
1210 2217 1392 2272 opera
1437 2197 1736 2269 tractavit,
1783 2216 1956 2256 nemo
2001 2198 2232 2255 mendis
2278 2200 2554 2257 obrutum

500 2305 682 2379 atque
728 2300 996 2360 tenebris
1028 2300 1455 2360 circumfusum
1488 2301 1803 2359 emendare
1849 2305 1954 2359 aut
1995 2299 2304 2360 illustrare
2341 2299 2558 2360 voluit.

501 2403 654 2460 Nam
701 2403 1007 2462 Schaeferi
1069 2403 1257 2463 editio
1315 2402 1582 2481 (Lipsiae
1645 2423 1696 2461 a.
1748 2402 1935 2480 1822)
1997 2423 2339 2484 quanquam
2398 2423 2559 2463 nova

503 2504 824 2564 correctior
852 2505 1092 2579 dicitur,
1141 2505 1518 2566 Valckenarii
1552 2507 1857 2582 exemplar
1901 2506 2177 2566 omnibus
2223 2527 2357 2566 cum
2387 2506 2557 2566 vitiis

501 2607 802 2684 repetivit,
848 2609 966 2667 duo
1001 2614 1234 2668 tantum
1267 2612 1454 2669 verba
1483 2611 1770 2668 mutanda
1806 2607 2046 2671 notavit
2068 2610 2145 2686 1).
2235 2609 2558 2685 Scriptoris

501 2710 717 2769 deinde
777 2711 1126 2770 memoriam
1189 2712 1763 2786 redintegraverunt
1819 2714 2131 2773 Anecdota
2191 2712 2561 2772 Oxoniensia

503 2835 538 2872 a
568 2814 846 2873 Gramero
894 2816 1289 2890 promulgata,
1338 2836 1588 2895 quorum
1634 2818 1756 2876 vol.
1787 2818 1877 2877 IV
1911 2815 2030 2874 270
2080 2837 2111 2875 e
2158 2816 2359 2875 codice
2405 2817 2557 2875 Bod-

502 2914 699 2974 leiano
746 2937 790 2975 s.
843 2916 959 2975 XV
1005 2917 1234 2992 publici
1294 2917 1443 2977 iuris
1501 2919 1661 2978 facta
1704 2923 1844 2977 suni
1902 2909 2066 2992 ἄνθη
2113 2915 2213 2975 καὶ
2266 2911 2556 2977 ducilem-oc

502 3010 653 3076 κατοὶ
699 3013 1120 3092 Λεσβῶνακτα,
1185 3022 1289 3080 sed
1345 3040 1422 3081 ne
1480 3021 1578 3079 his
1640 3021 1882 3100 quidem
1929 3021 2244 3080 Lesbonax
2300 3021 2555 3079 multum

501 3122 694 3180 debet.
806 3122 958 3180 Nam
1022 3123 1137 3181 etsi
1196 3145 1381 3183 unum
1442 3123 1778 3183 didicimus'
1827 3122 2138 3202 scriptoris
2204 3123 2556 3201 opusculum

502 3224 645 3282 olim
691 3225 866 3300 plura
897 3227 1274 3302 complexum
1322 3246 1449 3285 esse
1498 3246 1673 3305 quam
1722 3225 2102 3285 Valckenarii
2149 3227 2339 3286 codex
2382 3245 2553 3301 prae-

499 3329 706 3400 bebat,
771 3331 973 3386 tamen
1019 3328 1468 3406 corruptissima
1512 3334 1574 3389 et
1618 3328 1798 3389 nimis
1843 3330 2155 3388 decurtata
2198 3328 2552 3388 offeruntur.

499 3427 666 3493 Quae
724 3449 856 3490 cum
913 3431 999 3489 ita
1059 3431 1197 3504 sint,
1260 3432 1332 3503 ei,
1394 3431 1497 3510 qui
1560 3432 1992 3491 Lesbonaotem
2054 3433 2435 3491 emendatum
2495 3439 2555 3491 et

503 3531 867 3609 explicatum
916 3536 1139 3593 habere
1184 3534 1369 3610 volet,
1429 3539 1592 3594 totus
1637 3535 1809 3594 labor
1852 3535 1977 3593 fere
2029 3537 2102 3594 ab
2163 3535 2398 3608 integro
2459 3534 2552 3592 in-

502 3634 814 3710 cipiendus
862 3636 992 3694 erit.

640 3896 690 3954 1)
744 3893 801 3937 In
838 3894 918 3950 fig.
956 3894 1059 3941 Att.
1098 3908 1147 3953 p.
1191 3895 1284 3940 183
1323 3893 1497 3939 Valck.
1538 3887 1574 3955 ἢ
1613 3889 1703 3955 μὲν
1739 3887 1836 3955 γάρ
1886 3888 1993 3941 ἐστι
2041 3886 2388 3954 προσηγορικτὶ
2441 3905 2552 3951 pro-

498 3979 662 4038 posuit
696 3973 1012 4040 προηγορική
1051 3977 1119 4041 (v.
1146 3993 1194 4037 p.
1222 3982 1305 4037 41,
1340 3974 1451 4042 10)3
1488 3979 1537 4023 in
1574 3977 1655 4036 fig.
1684 3979 1803 4025 Dor.
1830 3993 1877 4037 p.
1907 3981 1997 4025 187
2039 3975 2137 4039 τῆς
2173 3967 2338 4038 αὐτῆς
2375 3972 2550 4025 συντά-

500 4063 628 4123 ξεως
661 4052 1121 4127 χρεοκοπουμένηςε
1159 4059 1613 4128 χρεωκοπουμένης
1649 4061 1715 4126 (v.
1755 4078 1806 4122 p.
1844 4066 1926 4123 51,
1967 4061 2067 4124 22).

2103 4153 2130 4206 l
