3234 4950
1412 316 1836 386 —98—
2600 305 2653 381 V

597 493 876 555 ’πολιοῖο”
964 498 1018 553 Τ
1059 501 1181 555 229
1245 498 1430 557 schol.
1477 499 1570 556 A:
1644 494 2029 572 σημειοῦνταί
2095 516 2246 565 τινες
2307 488 2397 555 ὅτι
2456 552 2486 577 ‘⁶
2510 485 2654 564 ἆλός

596 601 828 657 πολιοῖο
845 597 875 620 ”
921 596 1060 674 ἔφη.
1150 602 1242 659 Ad
1290 619 1317 657 ε
1364 604 1507 673 410,
1553 621 1574 658 ι
1625 603 1744 658 132
1792 599 2016 659 scholia
2058 599 2213 657 nihil
2256 600 2567 675 praebent.

764 703 830 777 b)
890 703 1292 763 Substantivis
1354 704 1553 762 neutri
1599 703 1835 778 generis
1891 702 2182 762 adiectiva
2226 701 2550 760 masculina
2595 707 2655 760 et

595 805 882 863 feminina
926 807 1308 884 adponuntur
1349 833 1437 856 =
1482 805 1661 866 Arist.

766 907 947 968 schol.
995 928 1028 967 o
1078 911 1232 967 125:
1294 904 1500 967 τέκνον
1559 906 1709 982 φίλε,
1754 908 1928 966 τοῦτο
1989 904 2205 982 δίδωμι
2248 940 2353 979 --,
2415 908 2516 966 sed
2580 906 2653 966 of.

595 1012 670 1069 ad
720 1011 784 1067 X
825 1015 938 1069 84:
998 1010 1129 1085 φίλε
1188 1008 1393 1070 τέκνον
1438 1012 1625 1071 schol.
1671 1014 1766 1069 A:
1828 1003 1922 1068 ὅτι
1966 1006 2131 1079 ἰδίως
2175 1008 2354 1091 “mlle
2396 1005 2653 1067 τέκνον”

598 1105 729 1171 ἀντὶ
775 1114 883 1171 τοῦ
927 1112 1105 1187 φίλον
1151 1110 1371 1173 τέκνον.

769 1217 863 1274 Ad
909 1216 1257 1276 articulum:

773 1315 1144 1397 Δωριέων
1188 1320 1335 1377 τῶν
1380 1315 1509 1378 ἐπὶ
1545 1313 1881 1389 Ἰταλίας
1924 1318 2069 1378 XX.
2147 1312 2305 1397 ιΤὸν
2359 1311 2654 1379 Πλάτωνα

597 1413 964 1494 φιλόσοφον’
1016 1422 1223 1481 dieunt
1267 1442 1374 1499 pro
1422 1415 1526 1480 τὸν
1573 1416 1912 1496 φιλόσοφον
1973 1414 2268 1480 Πλάτωνα
2308 1448 2395 1471 =
2440 1423 2653 1481 Arist.:

599 1524 782 1584 schol.
812 1526 964 1582 All
1006 1525 1279 1602 (ΛΒΤ),
1349 1529 1470 1584 340
1502 1525 1626 1604 (A).
1695 1525 1909 1583 N64o
1944 1525 2015 1602 (Β
2046 1525 2138 1602 Τ).
2194 1524 2252 1580 Φ
2286 1528 2407 1583 317
2441 1525 2523 1602 (A
2555 1525 2647 1599 Τ).

772 1632 832 1685 Α
883 1635 995 1688 11:
1040 1623 1258 1688 οὕνεκα
1303 1624 1408 1688 τὸν
1458 1624 1707 1709 Χρύσην
1751 1622 1993 1705 ἤτίμησ’
2038 1622 2324 1708 ἀρητῆρα.

770 1732 949 1791 schol.
994 1738 1078 1791 A:
1140 1726 1239 1790 διὰ
1296 1726 1404 1808 τὴν
1461 1727 1626 1805 τάξιν
1686 1734 1795 1791 τοῦ
1853 1726 2115 1811 ἅρθρυυ,
2184 1725 2321 1812 ιτόν
2382 1723 2651 1810 ἀρητῆρα

608 1826 857 1912 Χρύσην
873 1832 903 1891 ’.

762 1930 1062 1996 Ἰώνων
1106 1938 1258 1995 ταῖν
1304 1933 1434 1996 ἐπὶ
1486 1937 1793 2015 Καρίας
1835 1939 2023 1998 XVII
2067 1939 2152 2015 (p.
2200 1944 2299 2012 46,
2349 1937 2427 2011 1).
2494 1931 2655 2016 ιΤὸν

606 2033 903 2099 Πλάτωνα
948 2033 1052 2099 τὸν
1097 2035 1500 2115 φιλόσοφον’;
1538 2076 1626 2085 -

770 2144 1111 2201 Eorundem
1156 2150 1248 2203 est
1290 2144 1657 2220 superfluum
1703 2140 1854 2219 ἔχων
1900 2162 2155 2220 ponere:
2202 2178 2281 2187 —

768 2298 902 2357 Uno
947 2298 1097 2371 loeo,
1145 2300 1291 2378 quin
1337 2298 1789 2358 commentarios
1834 2299 1895 2356 in
1930 2298 2255 2357 Homerum
2297 2296 2653 2372 compositos

601 2401 687 2458 eis
746 2401 847 2478 qui
911 2402 982 2459 ad
1044 2409 1305 2460 nostram
1367 2407 1622 2460 aetatem
1684 2406 2090 2478 pervenerunt
2162 2419 2283 2458 non
2345 2398 2658 2457 dissimiles

601 2504 916 2561 Lesbonax
960 2506 1353 2581 usurpaverit,
1413 2506 1671 2564 dubitari
1727 2505 1954 2585 nequit.
2042 2506 2133 2564 Ad
2182 2503 2246 2559 Ω.
2295 2509 2371 2562 58
2418 2497 2655 2578 ’Ἕκτωρ

601 2600 707 2678 μὲν
769 2600 994 2681 θνητός
1054 2627 1113 2665 τε
1166 2603 1425 2685 γυναῖκά
1474 2627 1535 2665 τε
1595 2601 1826 2684 θήσατο
1888 2600 2069 2682 μαζόν
2134 2626 2285 2685 quae
2345 2606 2487 2665 libri
2554 2625 2656 2662 ex-

601 2708 814 2767 hibent
857 2729 1237 2785 componam:
