3234 4950
1451 413 1531 423 -—
1626 372 1745 442 108
1836 412 1920 423 -
2587 374 2714 439 VII

651 549 1095 626 archiepiscopo
1158 547 1425 608 adhibito
1482 550 1627 610 item
1662 533 1870 629 ⁴atque
1917 550 1980 609 in
2030 555 2079 610 A
2128 551 2404 627 exempla
2449 552 2714 625 deerant,

652 653 869 732 quibus
928 651 1263 712 Atticorum
1340 672 1482 711 usus
1559 652 1912 714 nominativi
1984 674 2093 731 pro
2172 654 2373 716 dativo
2452 655 2713 730 ponendi

649 756 1001 833 probaretur
1045 772 1163 832 qua
1205 773 1270 813 re
1314 756 1570 814 Arethas
1615 760 1942 816 commotus
1986 761 2093 830 est,
2138 761 2206 816 ut
2259 757 2405 815 illud
2452 813 2465 836 ι
2486 749 2712 832 ἐξερχό-

650 851 825 933 μενός
887 876 988 932 μοι
1046 852 1298 915 ἕδωκεν’
1358 877 1392 916 a
1437 858 1765 934 posteriore
1828 859 1959 919 loco
2020 863 2418 935 promoveret.
2508 863 2711 939 Atque

649 962 837 1036 ipsam
882 959 1288 1019 recensionem
1323 963 1380 1018 A
1424 959 1635 1019 scholii
1688 964 1986 1022 auctorem
2034 967 2170 1022 ante
2203 962 2404 1022 oculos
2433 961 2712 1020 habuisse

650 1064 1092 1122 concedendum
1137 1066 1245 1136 est,
1291 1063 1341 1122 si
1387 1064 1597 1136 credis,
1643 1065 1799 1143 quod
1851 1069 2025 1124 antea
2071 1065 2154 1144 (p.
2204 1060 2416 1145 64s65)
2470 1065 2710 1123 demon-

653 1171 839 1225 strare
893 1166 1110 1238 studui,
1180 1169 1519 1241 corruptum
1583 1185 1712 1226 esse
1771 1165 2137 1226 recensionis
2196 1172 2248 1225 A
2317 1224 2330 1246 ι
2350 1162 2709 1247 ἐξερχομένῳ

649 1288 750 1344 μοι
812 1264 1058 1326 i'ooousv‘
1120 1274 1182 1327 et
1243 1286 1499 1347 sequens
1543 1261 1996 1348 ‘ssgeoxopsvogss
2073 1288 2323 1349 quorum
2391 1273 2708 1349 utrumque

654 1373 913 1432 Arethas
958 1371 1239 1444 servavit,
1287 1371 1486 1448 potius
1532 1372 1845 1431 retinenda
1886 1373 2072 1431 verba
2114 1371 2479 1431 recensionis
2521 1373 2581 1431 b.

822 1492 1015 1551 Multo
1061 1491 1273 1551 melius
1317 1493 1389 1550 de
1432 1492 1623 1552 altero
1654 1492 1782 1551 loco
1818 1491 2081 1551 iudicare
2110 1491 2264 1565 licet,
2314 1511 2489 1571 quem
2520 1492 2711 1551 archi-

647 1597 988 1672 episcopum
1050 1614 1128 1653 ex
1184 1594 1553 1654 Lesbonacte
1614 1596 1884 1654 hausisse
1946 1595 2188 1656 docebo,
2275 1595 2706 1673 Depromptum

649 1698 808 1758 enim
854 1702 946 1758 est
989 1717 1067 1756 ex
1110 1716 1228 1757 rec.
1274 1701 1331 1756 A
1377 1697 1666 1757 scholium
1711 1698 1992 1757 Philostr.
2041 1698 2239 1774 Apoll.
2286 1699 2472 1775 Tyan.
2503 1699 2629 1760 VII
2670 1702 2706 1753 2

651 1822 707 1878 p.
766 1806 899 1876 130,
948 1806 985 1858 9
1030 1802 1147 1879 (ed.
1195 1802 1445 1878 Kayser,
1488 1801 1687 1860 Turici
1725 1799 1948 1878 1844):
1995 1792 2118 1876 ἥλω
2165 1796 2263 1858 καὶ
2312 1795 2707 1879 στρεβλωθεὶς

650 1896 793 1974 τούς
839 1899 1056 1962 ἑαυτοῦ
1102 1895 1447 1976 ξυνωμότας
1491 1895 1952 1979 ἄπεσιώπησενι

716 2076 871 2123 schol.
909 2090 954 2135 p.
999 2074 1095 2122 193
1133 2070 1241 2138 (Κ.)
1587 2089 1685 2122 rec.
1726 2077 1769 2121 A
2291 2088 2389 2121 rec.
2427 2074 2467 2119 B

697 2157 877 2211 ἑαυτοῦ
900 2155 1216 2223 ξυνωμότας]
1239 2156 1313 2224 τῷ
1436 2160 1569 2206 XVI.
1608 2153 1983 2225 Θηβαῐκόν.
2109 2154 2186 2209 Τὸ
2237 2154 2295 2210 δὲ
2341 2154 2708 2225 Θηβαῖκόν

646 2243 968 2311 πληθυντικῷ
1028 2239 1190 2294 ἑνικὸν
1233 2239 1315 2293 ἐπ·
1369 2241 1513 2380 ἓ..)
1587 2241 1698 2295 ἔστι
1767 2240 1827 2296 δὲ
1898 2240 1986 2293 καὶ
2039 2240 2252 2294 ἐναντίον
2288 2240 2400 2294 ἐστὶ
2434 2236 2599 2308 τούτῳ
2632 2240 2706 2309 τῷ

644 2328 832 2394 ηνεγκε
867 2328 1024 2394 ῥῆμα.
1066 2326 1224 2379 '‘t-offro
1259 2324 1318 2379 δὲ
1416 2331 1524 2382 λλο
1579 2328 1808 2396 σχῆμα
1856 2323 1981 2380 οἱπό
2041 2324 2285 2394 σχήματι.
2321 2331 2427 2385 τοῖς
2462 2324 2560 2392 γὰρ
2583 2328 2706 2390 πλη-

646 2410 912 2482 Θηβαῐκόν
931 2430 1062 2480 φασι
1086 2411 1175 2464 καὶ
1195 2411 1315 2464 Πιν-
1368 2413 1709 2473 Βοιωτίας
1745 2407 1774 2466 ὃ
1802 2410 1868 2479 δὴ
1897 2411 1985 2464 καὶ
2040 2413 2286 2471 §uvi-moi<
2311 2408 2597 2479 οἷρσενικοῖς
2620 2410 2710 2463 καὶ

646 2497 872 2565 δαρικόν,
945 2493 1025 2552 δ’τι
1090 2499 1316 2566 συνεχῶς
1369 2497 1794 2565 Πινδαρικὸν
1847 2498 1983 2563 λέγε·
2039 2499 2281 2563 θηλυκοῖς
2319 2494 2566 2564 ὀνόμασιν
2602 2496 2707 2550 ἐπι-

648 2580 791 2652 αιῖτῷ
837 2584 1024 2650 χρῆται
1060 2583 1316 2649 Πίνδαρος
1366 2605 1467 2646 ται,
1489 2580 1821 2643 ὅτιπολλοὶκις
1839 2578 1981 2650 αὐτῷ
2037 2582 2249 2649 φέρουσι
2295 2582 2504 2649 ῥήματα
2545 2581 2702 2636 ἑνικά.

647 2669 972 2738 πληθυντικῷ
1025 2667 1165 2722 ἑνικὰ
1211 2668 1314 2721 ἐπι·
1368 2672 1627 2740 κέχρηται.
1687 2669 1878 2734 γίνεται
1926 2666 1985 2721 δὲ
2038 2667 2168 2733 φασὶ
2213 2665 2312 2733 γὰρ
2349 2666 2705 2735 ιΛακεδαιμό-

647 2753 817 2820 φέρων
906 2750 1140 2820 ῥήματα,
1215 2751 1314 2808 οἷον
1367 2751 1555 2816 οὕτως·
1602 2765 1632 2815 †
1704 2758 1983 2822 ,Λακεδαι-
2039 2747 2703 2818 νιοιπολεμεῖἈ5ηναίοις’.

643 2883 655 2904 ,
677 2837 1073 2906 Λακεδαιμόνιοι
1105 2843 1321 2907 πολεμεῖ
1368 2841 1530 2906 μόνιοι
1579 2843 1799 2906 πολεμεῖ
1823 2835 1983 2902 Ἀθη·
2037 2837 2127 2890 καὶ
2176 2837 2432 2904 Πίνδαρος
2492 2882 2518 2903 ,ι
2532 2836 2707 2892 ἕπεται

646 2919 974 2990 'Aimvoelotc’
1046 2920 1156 2978 ἀντὶ
1224 2926 1313 2978 τοῦ
1365 2928 1562 2987 ναίους’.
1623 2922 1981 2993 ιιμελιρρόθων
2037 2922 2327 2989 πλόκαμοι”
2365 2927 2436 2985 (v.
2473 2928 2541 2984 A)
2595 2919 2707 2976 ἀντὶ

646 3011 938 3077 πολεμοῦσι.
974 3006 1316 3077 καὶ”ομηρος
1366 3009 1427 3068 δ’
1464 3011 1640 3065 ἕπεται
1688 3009 1982 3076 πλόκαμοι”
2035 3009 2124 3062 τοῦ
2174 3008 2399 3070 ἕπονται,
2451 3007 2539 3061 καὶ
2590 3013 2705 3074 “62-

648 3095 909 3163 ιιδιοίγιετο
970 3093 1029 3150 δὲ
1079 3092 1313 3161 σάρκες”
1365 3099 1604 3169 (Pind.fr.
1628 3100 1725 3149 286
1746 3101 1861 3147 Boe.
1883 3100 1980 3146 246
2035 3091 2194 3161 ἤγετο
2218 3090 2408 3160 σάρκες
2421 3095 2447 3118 ”
2482 3090 2595 3148 ἀντὶ
2616 3094 2705 3148 τοῦ

647 3176 761 3234 ἀντὶ
775 3181 864 3234 τοῦ
881 3182 1313 3247 διοίγοντο.(Μοῃ-
1365 3182 1551 3253 ng.⁴)
1587 3179 1701 3236 οἷντὶ
1730 3181 1820 3235 τοῦ
1848 3179 1982 3233 ἕπον·
2036 3176 2299 3245 διηγοντο,
2368 3176 2442 3239 ὥς
2499 3179 2588 3232 καὶ
2644 3176 2701 3232 ro*

645 3270 830 3316 tionem
876 3269 1126 3317 Pindarici
1175 3272 1313 3319 sche·
1364 3288 1448 3322 ται
1500 3269 1589 3322 καὶ
1640 3263 1887 3336 “Bt-dvcto
1923 3263 1983 3319 δὲ
2035 3265 2175 3333 “viic
2210 3260 2266 3319 δ’
2291 3254 2357 3332 ἦν
2387 3271 2526 3331 τρεῖς
2549 3282 2705 3331 κεφα-

647 3356 792 3404 matis
840 3355 905 3402 ab
945 3357 994 3402 h.
1031 3358 1065 3403 l.
1103 3356 1314 3404 alienam
1367 3351 1584 3421 σάρκες”
1619 3357 1784 3418 (Pind.
1802 3357 1862 3402 fr.
1882 3356 1980 3403 286
2038 3351 2160 3404 λαί”
2199 3351 2339 3419 (Hes,
2361 3354 2546 3413 Theog.
2564 3353 2703 3416 321).

648 3456 754 3490 esse
765 3446 897 3490 recte
908 3441 1312 3506 observavitK.).
1367 3445 1484 3491 Boe.
1538 3444 1601 3492 cf.
1653 3441 1865 3503 Bergk⁴
1920 3440 1983 3487 ad
2035 3435 2212 3491 τούτου
2231 3435 2290 3491 δὲ
2314 3436 2402 3488 τοῦ
2432 3433 2706 3504 σχήματός

1366 3529 1426 3574 fr.
1455 3532 1576 3587 246)
1629 3521 1743 3578 οἷντ).
1775 3524 1863 3575 τοῦ
1911 3526 1981 3575 δι·
2035 3522 2145 3576 ἐστι
2194 3525 2301 3575 κτλ.
2350 3525 2553 3584 reliquis
2606 3538 2704 3571 non

1364 3609 1559 3677 ἤγοντο.
1584 3605 1829 3676 ρΌμηρος
1849 3652 1877 3675 u
1894 3608 1983 3661 καὶ
2036 3627 2160 3673 opus
2199 3616 2286 3659 est.

1367 3694 1436 3761 δὴ
1459 3698 1616 3761 δοῦρα
1641 3695 1836 3761 σέσηπε
1857 3696 1981 3747 νεῶν

1366 3781 1456 3834 καὶ
1493 3778 1692 3846 σπάρτα
1721 3780 1981 3832 λέλυνται”

1365 3868 1432 3931 (Β
1473 3870 1592 3933 135)
1627 3863 1739 3921 ἀντὶ
1777 3868 1865 3920 τοῦ
1905 3884 1983 3919 σε·

1367 3951 1602 4021 οῆπασιν.
