3234 4950
560 327 629 397 11
876 370 1093 427 ἱ.
1392 327 1774 391 —9-

560 517 776 577 γωμεν,
838 491 992 575 πρὸς
1052 494 1255 576 ἕτερον
1301 495 1363 558 δὲ
1409 493 1559 558 ἄπο·
1617 494 1788 559 ω’που
1832 498 2103 580 λέγομεν,
2168 492 2301 559 οἷον
2347 556 2378 582 α
2396 492 2613 568 πάντες

565 593 897 675 τεινώμεθα
962 597 1062 659 καὶ
1122 596 1195 660 οὗ
1254 597 1406 681 πρὸς
1460 596 1562 662 τόν
1615 598 1939 683 Αἰγύπτιοι
1982 599 2117 662 τόδε
2159 601 2429 683 λέγουσιν
2476 601 2612 681 περὶ

566 695 970 780 ἀδικήσαντα,
1043 697 1192 764 ὀἷον
1268 698 1412 788 ιἐγοὶ
1497 700 1560 764 δὲ
1614 697 1836 781 ὖμοῖν”
1878 702 1980 765 καὶ
2015 699 2215 779 πάλιν,
2261 703 2316 764 εἰ
2341 700 2610 777 Ἀλεξαν-

566 800 712 864 ἰδοὶν
755 828 885 864 τινα
931 800 1263 883 βλάπτοντα
1315 801 1417 867 τὸν
1460 804 1559 866 πέ-
1616 807 1856 887 δρεῦσιν
1887 802 2257 885 ἐπιπλήττων
2287 800 2437 885 ὑπὲρ
2470 803 2610 866 ἆτα-

563 912 666 978 λας
750 900 917 968 εἷπον
978 904 1131 987 πρός
1191 904 1377 970 αὐτόν
1445 902 1561 993 (οἷς
1615 909 1742 982 §lag
1801 908 1946 970 εἴπω
2014 910 2359 994 (Θηβαίους
2419 903 2612 990 εὖροὶν

567 1004 792 1081 ἀδικεῖς
835 1004 938 1070 τὸν
982 1009 1220 1082 πέλας”.
1615 1005 2015 1083 ἀτακτοῦντας
2089 1007 2222 1072 τόδε
2301 1011 2403 1073 καὶ
2473 1007 2611 1073 τόδε

1615 1108 1836 1175 εἷπον’.

1701 1236 1868 1296 Haec
1899 1237 2096 1297 hausit
2126 1237 2217 1296 W.
2252 1256 2283 1294 e
2312 1236 2612 1296 codicibus

1614 1339 1857 1398 alterius
1915 1334 2296 1399 recensionis.
2394 1340 2614 1399 Contra

1614 1462 1647 1501 e
1680 1443 1867 1502 Paris,
1900 1447 2065 1501 3032
2102 1443 2423 1517 ‘diversam
2454 1461 2490 1499 a
2520 1461 2611 1500 ee-

1614 1546 1759 1605 teris
1832 1545 2237 1604 recensionem
2305 1544 2611 1624 sequenti'

1613 1649 1714 1724 Sp.
1775 1669 1833 1724 p.
1900 1653 2010 1706 49:
2085 1638 2649 1724 Ἑτεροπρόσ-’

1616 1775 1723 1811 ωπ
1740 1773 1772 1811 ο
1791 1774 1825 1810 ν
1856 1747 1924 1810 δέ
1954 1747 2108 1809 ἔστιν
2130 1740 2401 1825 ὖποβολή
2425 1765 2612 1828 προσ-

1617 1848 1788 1915 ώπου
1832 1856 1939 1914 τοῦ
1990 1849 2294 1932 λέγοντος,
2343 1843 2426 1921 ὥς
2467 1845 2612 1910 ὅταν

1615 1951 1812 2018 ὄκνοῖν
1873 1954 2056 2015 εἰπεῖν
2106 1949 2213 2029 ἀφ’
2267 1951 2484 2013 ἑαυτοῦ
2530 1945 2614 2024 οἷς

1615 2053 1737 2120 nimi
1796 2056 1999 2140 ἐτέρου
2058 2049 2390 2138 προσώπου
2443 2052 2609 2135 λέγω,

1616 2159 1802 2222 οἱονεὶ
1862 2159 1916 2220 εἰ
1947 2156 2429 2235 Ἀλεξανδρεῦσιν
2487 2156 2606 2218 ἐπι·

1616 2259 1886 2341 πλήττων
1947 2255 2098 2340 ὑπὲρ
2166 2255 2409 2333 ἀταξίας
2463 2259 2612 2321 εἴπω

1613 2365 1943 2448 ιΘηβαίους
1986 2357 2179 2444 εὖρῶν
2210 2359 2614 2434 ἀτακτοῦντας

1615 2466 1750 2532 τόδε
1793 2467 1896 2530 καὶ
1942 2462 2076 2529 τόδε
2121 2458 2342 2529 εἶπον’.

735 2660 1233 2719 Phoebammonis
1276 2662 1543 2720 libellum
1577 2681 1693 2741 qua
1722 2662 1912 2720 forma
1941 2660 2170 2720 codices
2200 2658 2460 2729 tradunt,
2492 2676 2613 2714 non

563 2763 860 2837 integrum
923 2782 1050 2822 esse
1106 2765 1342 2823 schema
1405 2757 1899 2843 ἓτεροπρόσωπον
1959 2761 2288 2822 accuratius
2347 2765 2608 2820 contem-

564 2865 708 2940 plati
768 2866 1200 2941 intellegemus.
1309 2867 1574 2931 Quadrat
1636 2868 1790 2926 enim
1852 2868 1915 2924 in
1977 2867 2168 2939 legem
2230 2863 2611 2940 propositam,

566 2987 716 3046 quae
778 2968 1028 3041 figuram
1092 2970 1348 3029 existere
1412 2971 1584 3043 dicit,
1652 2971 1754 3029 ubi
1817 2978 2014 3028 orator
2074 2967 2253 3026 alium
2312 2966 2613 3024 hominem

566 3089 635 3129 ea
696 3072 987 3130 dicentem
1052 3071 1310 3145 inducit,
1374 3092 1525 3151 quae
1584 3075 1714 3149 ipse
1772 3073 2144 3144 reformidat,
2211 3089 2352 3129 sane
2414 3088 2613 3128 exem-

564 3174 727 3249 plum
787 3173 977 3248 primo
1035 3174 1164 3232 loco
1224 3174 1464 3233 allatum
1525 3167 1793 3254 “noivvsg
1837 3166 2159 3252 Αἰγύπτιοι
2203 3166 2337 3231 τόδε
2380 3167 2617 3249 λέγουσι

565 3273 700 3354 περὶ
745 3267 963 3350 ὖμῶν”
997 3274 1164 3353 (W.),
1210 3278 1310 3335 sed
1356 3297 1475 3335 non
1522 3279 1836 3358 sequentia
1872 3276 1959 3359 ‘el
1983 3269 2457 3353 Ἀλεξανδρεῦσιν
2488 3271 2614 3333 ἔπι-

568 3370 836 3453 πλήττων
893 3369 1041 3456 ὑπὲρ
1104 3372 1379 3449 ἇταξίας’
1438 3383 1556 3440 κτλ.
1656 3382 1805 3439 Nam
1862 3383 1978 3440 hoc
2038 3381 2166 3439 loco
2231 3385 2429 3438 orator
2484 3377 2614 3453 ipse

564 3481 829 3559 loquitur
890 3500 1086 3560 neque
1159 3481 1340 3539 alium
1411 3483 1850 3559 vituperantem
1923 3483 2168 3541 inducit.
2278 3481 2615 3541 Difficultas

566 3582 850 3643 adhibitis
936 3584 1207 3663 reliquiis
1281 3584 1636 3645 Lesbonacti
1726 3586 2007 3645 subiectis
2093 3584 2267 3644 facile
2345 3584 2614 3659 solvitur,

567 3704 717 3765 quae
805 3685 1042 3745 schema
1129 3679 1621 3765 ἕτεροπρόσωπον
1725 3688 2070 3764 bipartitum
2159 3707 2285 3746 esse
2382 3688 2612 3747 docent.

567 3789 645 3847 Et
705 3788 949 3849 alterius
1010 3788 1196 3863 partis
1254 3790 1494 3864 regulae
1552 3782 1696 3848 ὅταν
1740 3784 1914 3848 αὐτοὶ
1962 3784 2068 3864 μὲν
2110 3785 2398 3869 λέγωμεν,
2461 3781 2616 3868 πρός

567 3886 764 3969 ἕτερον
824 3885 888 3948 δὲ
947 3885 1408 3969 ἇποτεινοὶμεθα
1473 3898 1677 3968 aptum
1740 3898 1830 3952 est
1892 3893 2261 3970 exemplum,
2333 3892 2488 3972 quod
2552 3893 2614 3951 in

565 3993 1075 4069 Phoebammone‚
1133 3996 1325 4075 qualis
1370 4016 1529 4056 nunc
1569 3995 1809 4072 legitur,
1876 4015 1998 4055 non
2042 3998 2223 4056 habet
2267 4016 2385 4075 quo
2429 3997 2615 4074 respi-
